2836 5080
710 419 899 494 -rs-
1005 517 1007 526 k

321 601 483 714 religione
505 617 695 690 Christiana
716 631 819 714 atquc
841 617 1088 710 invalescente,
1111 619 1294 710 exstitisse,

321 743 382 838 qui
412 743 484 813 eius
506 753 679 814 auctorem
703 739 858 812 divinum
883 741 1035 832 Somnu,
1058 739 1295 838 philosophiae

321 866 472 956 auctori,
495 876 726 961 opponerent,
750 864 1012 960 gravissimeque
1034 865 1156 937 iccirco
1177 866 1214 935 in
1234 863 1294 936 So·

321 1000 449 1061 cratem
482 1000 517 1058 et
549 985 801 1084 philosophiam
834 985 1098 1077 inveherentur,
1140 1009 1211 1060 non
1242 999 1295 1058 est

321 1111 416 1207 quod
437 1112 610 1182 miremur.
645 1111 707 1182 His
728 1111 812 1207 ipsis
835 1085 1047 1206 temporibus
1069 1111 1193 1182 nostris
1214 1132 1296 1206 pnn-

322 1237 353 1307 ci
375 1237 469 1325 sunt,
492 1235 552 1329 qui
574 1233 761 1307 Socraticae
784 1231 1020 1329 philosophiae
1041 1231 1144 1328 atque
1165 1231 1296 1326 religio

321 1358 374 1428 nis
411 1355 621 1429 Christianae
654 1379 780 1426 nexum
806 1356 1025 1452 perspiciant.
1077 1355 1227 1425 Fuerunt
1248 1367 1298 1425 ta-

323 1502 403 1549 men
436 1479 473 1550 in
503 1480 584 1574 ipsis
607 1478 773 1551 Ecclesiae
794 1477 963 1568 Patribus,
986 1478 1047 1572 qui
1069 1477 1213 1549 Socratis
1236 1473 1298 1546 ad-

323 1599 485 1670 mirantes
507 1599 676 1671 derebus
698 1599 822 1670 divinis
843 1597 962 1688 effata,
985 1600 1125 1670 summis
1148 1596 1299 1694 philoso-
1415 1597 1416 1600 '

323 1719 434 1818 phum
454 1721 614 1793 laudibus
636 1721 859 1812 celebrarent,
878 1721 1040 1816 suspicati
1056 1720 1198 1810 scilicet,
1216 1719 1302 1791 haec

322 1866 403 1914 eum
426 1841 509 1915 Mosi
532 1867 571 1916 ec
592 1842 770 1938 Prophetis
791 1843 964 1914 debuisse.

743 2135 888 2162 -n--a

666 2361 965 2434 EPlCRlSlS.

377 2571 543 2669 Expositis
563 2573 600 2642 in
620 2571 714 2644 hunc
735 2575 876 2644 modum
895 2573 1089 2667 aequalium
1098 2573 1307 2669 scriptorum

330 2693 481 2788 itemque
502 2705 717 2790 posterorum
740 2693 786 2763 de
805 2695 943 2765 Socrate
960 2691 1118 2788 judiciis,
1141 2693 1309 2767 acceden-

331 2816 416 2884 dum
443 2817 516 2908 jem
538 2805 637 2886 nobis
665 2827 718 2887 cst
742 2815 787 2887 ed
808 2816 980 2912 epicrisin,
997 2816 1205 2912 judiciorum
1227 2816 1307 2886 dis·

331 2937 571 3032 ceptationem.
614 2935 707 3008 lllud
729 2960 809 3009 vero
830 2938 943 3029 nobis,
965 2961 1009 3009 ne
1030 2951 1157 3010 temere
1174 2938 1308 3034 judice·

331 3085 420 3150 mus,
445 3059 634 3131 tenendum
660 3060 822 3132 continuo
844 3060 992 3152 videtur,
1016 3063 1172 3156 cognosci
1194 3063 1309 3132 virum

223 3181 228 3190 “
331 3207 351 3253 e
380 3181 477 3254 lactis
500 3183 607 3279 ipsius
629 3183 794 3274 maxime,
817 3207 888 3254 non
908 3205 950 3254 ex
973 3183 1151 3256 hominum
1174 3184 1309 3279 opinio·

331 3305 435 3375 nibus
456 3304 602 3376 debere:
627 3304 716 3378 sacta
738 3318 854 3376 eutem
875 3307 1023 3379 Socratis
1043 3331 1122 3380 cum
1145 3307 1182 3376 in
1203 3307 1311 3378 Grae·

333 3447 450 3498 corum
483 3427 643 3520 historia,
668 3442 744 3500 tum
778 3452 858 3500 vero
891 3431 1090 3525 praesertim
1110 3431 1148 3500 iu
1168 3427 1310 3502 historia

334 3547 569 3645 philosophice
591 3552 735 3646 insignia
757 3564 910 3641 exstare,
933 3553 1018 3647 quin
1042 3553 1144 3624 etiam
1164 3553 1312 3649 probare

334 3673 513 3763 universa,
551 3676 661 3746 virum
696 3674 795 3745 illum
817 3674 941 3746 fortem
962 3677 1196 3773 propositique
1219 3687 1311 3746 tena-

334 3818 409 3866 cem
432 3793 555 3887 fuisse‚
590 3798 806 3894 eundemque
827 3797 1099 3898 philosophando
1120 3797 1311 3880 doctrinam

336 3919 547 4012 condidisse,
579 3945 666 4017 quae
699 3925 868 4016 veritatis,
897 3925 1070 4018 justitiae,
1092 3922 1313 4016 sinceraeque
