2836 5080
713 498 897 572 ..28-

328 711 391 771 est.
441 699 507 770 Sed
541 721 581 767 eo
616 699 656 766 ut
680 699 872 791 pelvem
893 695 1127 793 philosophus,
1150 721 1220 770 non
1239 721 1296 770 ac—

328 821 406 894 tatis
425 821 456 890 ei
477 826 621 908 tantum,
643 817 705 888 sed
727 820 829 889 etiam
851 823 1213 917 mentioraticm‘sqoo
1223 845 1296 892 ma·

326 943 465 1014 turitate
497 966 582 1036 opus
614 939 690 1011 fiat.
741 942 851 1012 Inerat
877 943 983 1036 ipsius
1006 943 1141 1037 ingenio
1170 944 1220 1013 vis
1243 945 1297 1013 in-

325 1065 497 1137 credibilis
519 1063 684 1160 quaedam
708 1063 751 1133 ad
773 1063 1004 1156 refutandum,
1021 1065 1050 1136 si
1069 1064 1155 1160 quid
1168 1063 1297 1136 abaliis

326 1187 496 1284 pmlatum
528 1200 628 1278 esset,
648 1192 896 1283 conjunctaque
917 1201 989 1259 erat
1009 1187 1068 1258 illa
1089 1212 1168 1259 cum
1190 1189 1297 1260 ironia

328 1327 363 1384 et
384 1311 546 1406 singulari
567 1313 669 1408 plane
691 1311 920 1406 interrogandi
942 1313 1083 1384 ratione.
1133 1312 1298 1401 Quaena-

328 1435 462 1506 turales‘
487 1435 550 1504 vici
583 1434 680 1506 dotes
714 1435 892 1506 valuerunt
918 1435 1051 1529 egregie
1071 1434 1114 1505 ad
1135 1435 1300 1506 tentanda

330 1556 602 1652 explorandaque
629 1561 796 1651 juvenum
830 1557 975 1650 ingenia,
1009 1556 1070 1627 sed
1102 1557 1301 1650 priusquam

333 1701 388 1750 eas
410 1681 470 1769 ita,
492 1691 532 1748 ut
553 1677 645 1769 lecit,
665 1679 708 1750 ad
727 1679 921 1774 purgandos
942 1679 1080 1752 illorum
1099 1679 1227 1749 animos
1239 1677 1302 1749 ad-

333 1800 479 1891 hiberet,
512 1799 645 1872 dudum
672 1801 808 1872 videtur
828 1800 948 1872 iisdem
969 1801 1005 1869 in
1027 1798 1204 1872 hominum
1220 1823 1301 1872 con-
1412 1879 1416 1892 Α

332 1923 490 1994 ventibus
520 1923 658 2014 abusuS,
689 1936 781 1994 certe
813 1947 883 1994 non
916 1925 964 1993 ita
987 1945 1069 1994 usus
1093 1923 1202 2017 elque
1223 1945 1301 1993 cum

334 2045 515 2142 pandentia
558 2057 593 2114 et
627 2044 792 2116 modestia
825 2067 909 2135 esse,
942 2067 1029 2139 quae
1060 2042 1303 2139 philosophum

335 2168 481 2238 deceret.
530 2168 616 2256 Rem
638 2168 798 2238 evincunt
821 2166 967 2238 Platonis
989 2166 1114 2261 dialogi
1135 2165 1302 2256 nonnulli,

337 2291 373 2358 in
404 2289 529 2383 quibus
548 2287 650 2382 plane
667 2288 818 2359 Socrates
841 2288 1027 2384 sophistam
1055 2289 1138 2382 agit:
1157 2312 1227 2383 quo
1249 2313 1303 2360 ac-

337 2410 458 2482 cidisse
478 2408 625 2499 videtur,
646 2421 686 2480 ut
707 2435 839 2481 scurra
860 2409 1054 2506 aliquando,
1073 2421 1161 2482 teste
1171 2411 1304 2483 Cicero-

338 2555 394 2622 ne,
414 2531 525 2604 dictus
540 2533 595 2602 sit.
649 2531 860 2605 »Socratem
884 2539 1015 2628 ipsum,
1039 2535 1105 2624 ait,
1115 2546 1306 2630 parentem

332 2657 599 2753 philosophiae,
633 2653 736 2735 Zeno,
781 2655 913 2727 Latino
937 2661 1044 2729 uerbo
1069 2669 1183 2749 utens,
1208 2683 1309 2730 acur-

338 2804 420 2850 rom
454 2777 611 2848 Atticum
634 2779 756 2873 ficiaco
782 2780 919 2850 dicebat
943 2778 957 2876 (
979 2779 1027 2876 ).’'
1063 2780 1229 2852 effendit
1262 2783 1309 2852 ita

340 2923 444 2996 quam
477 2899 659 2994 plurimos,
691 2901 753 2994 qui
780 2899 917 2972 refutati
942 2901 1080 2993 abillo,
1108 2904 1157 2975 sic
1179 2905 1229 2974 ira
1253 2909 1310 2974 cx'-

341 3021 599 3111 candescerent,
633 3032 691 3109 ut,
724 3021 817 3116 quod
850 3024 923 3119 ipse
944 3025 1014 3113 ait,
1038 3020 1164 3099 δάκνειν
1185 3021 1312 3122 ἕτοιμοι

342 3158 466 3220 essent.
515 3144 591 3232 Quo
623 3143 769 3232 factum,
801 3156 841 3216 ut
873 3145 961 3216 ferre
981 3169 1060 3218 eum
1079 3147 1253 3243 sophistae
1274 3173 1313 3219 ac

342 3267 473 3362 politici
508 3290 577 3336 nou
610 3279 764 3360 possent:
793 3267 854 3338 sed
876 3267 974 3340 facilc
991 3271 1040 3342 sic
1059 3269 1150 3340 idem
1169 3269 1314 3365 suspici-

344 3414 443 3462 onem
471 3389 564 3484 apud
597 3390 778 3462 nonnullos
807 3393 976 3483 movebat,
1009 3395 1105 3488 quasi
1125 3393 1315 3465 cavillando

341 3513 494 3608 justitiae
523 3513 700 3607 omnisque
724 3514 874 3584 vocitatis
896 3513 1115 3586 fundamenta
1133 3515 1317 3588 labefacta·

346 3645 411 3724 ret,
436 3645 592 3730 essetque
610 3634 710 3728 plane
732 3639 890 3730 injustae
900 3637 1071 3727 orationis,
1083 3661 1169 3733 quae
1172 3643 1317 3734 justam

346 3759 514 3846 vinceret,
537 3769 664 3830 auctor.
702 3761 785 3830 Nam
809 3785 1013 3860 ‹p1acunque
1034 3761 1078 3832 de
1099 3785 1136 3832 re
1155 3761 1226 3834 sive
1236 3760 1316 3851 levi,

384 4023 421 4092 (*)
440 4028 478 4075 Do
496 4026 558 4075 Nol.
580 4023 652 4076 Deor-
669 4029 695 4096 ι1.
713 4029 755 4078 34.
