2828 5098
724 489 942 564 *llll-a

743 786 926 858 etate

663 981 992 1032 PHILOSOPHUS·

395 1175 555 1246 Venimus
588 1169 632 1240 ad
666 1169 936 1266 disquisitionem
969 1189 1125 1261 magnam
1156 1175 1191 1237 et
1218 1189 1318 1262 pree·

260 1310 262 1316 '
344 1299 490 1387 claram,
527 1293 637 1388 qualis
670 1293 774 1364 fuerit
793 1289 1019 1388 philosophus
1041 1289 1147 1360 Plato.
1198 1287 1317 1385 Ingre-

345 1417 519 1491 dientibus
556 1429 671 1486 autem
703 1415 800 1486 nohis
833 1424 1070 1508 argumentum
1097 1411 1319 1508 hoeoe,g1e·

345 1544 500 1612 vissimae
522 1539 733 1634 objiciuntur
754 1536 985 1606 difficultates.
1028 1525 1112 1606 Nam
1135 1535 1239 1606 modo
1257 1537 1318 1609 So·
1402 1606 1406 1670 Ι

344 1666 490 1735 oraticus
516 1661 576 1730 ille
598 1673 651 1731 θεῖ
675 1662 711 1729 in
733 1660 871 1754 scriptis
892 1660 983 1748 suis,
1006 1657 1108 1729 modo
1135 1657 1317 1748 Eleaticus‚
1404 1673 1406 1760 J

342 1787 446 1860 modo
475 1783 718 1881 Pythagoreus.
769 1781 901 1876 Ergone
929 1781 1105 1874 conjunxit
1135 1781 1233 1852 Plato
1263 1783 1318 1854 di·

263 1957 265 1964 ψ
340 1909 548 1979 versissimas
572 1906 648 1975 illas
670 1901 870 1976 doctrinas?
913 1901 1019 1998 Atqui
1041 1903 1235 1998 posterion's
1256 1903 1316 1974 de·

343 2055 440 2103 mum
476 2029 595 2100 aetatis
628 2027 869 2122 syncretismus
903 2025 986 2115 suit,
1025 2049 1094 2120 quo
1135 2025 1317 2098 commixta
1404 2039 1405 2096 Ξ

343 2155 592 2244 obscuramque
615 2161 696 2220 sunt
719 2150 848 2236 omnia3
874 2149 970 2220 Plato
991 2171 1072 2221 vero
1095 2149 1317 2246 simplicitate
1404 2215 1405 2225 ,

340 2289 378 2345 εθ
407 2287 442 2344 θῖ
465 2275 591 2368 ingenii
610 2273 802 2369 judiciique
824 2273 954 2344 lumine
977 2275 1204 2345 commendat.
1249 2275 1314 2346 Sed
1404 2252 1406 2265 ³

341 2399 479 2468 aliaest
501 2399 657 2493 insuper,
688 2421 776 2492 quae
798 2397 841 2468 ad
868 2397 1059 2469 Platonicae
1079 2395 1316 2494 philosophiae

337 2524 507 2600 rationem
550 2535 585 2594 et
630 2521 831 2593 methodmn
864 2523 1035 2617 pertinet,
1069 2523 1170 2616 longe
1206 2527 1315 2618 mejm

317 2648 444 2717 'etiam
474 2657 509 2714 et
541 2644 712 2716 difficilior
742 2645 908 2738 quaestio.
966 2643 1068 2714 Haud
1102 2645 1244 2716 molebat
1276 2648 1316 2714 in

340 2769 535 2864 politicum,
573 2767 675 2860 quale
705 2765 855 2837 Platonis
887 2779 980 2856 erat,
1006 2767 1198 2860 ingenium,
1229 2791 1315 2838 con·

341 2889 442 2980 dere,
485 2889 579 2984 quod
611 2913 672 2959 nos
712 2911 892 2980 vocamus,
926 2888 1161 2985 philosophiae
1198 2901 1313 2986 syste-
1349 2919 1353 2926 ·

339 3037 409 3084 mo.
455 3011 669 3084 Abhorrebut
705 3013 787 3083 item
819 3013 864 3083 ah
886 3011 949 3084 hac
970 3008 1236 3108 philosophandi
1261 3039 1313 3085 re·
1399 2944 1405 3048 l

206 3141 209 3147 “
339 3139 433 3208 tione
475 3135 689 3229 dialogorum
734 3136 894 3231 scriptio,
939 3159 1008 3230 qua
1051 3127 1129 3230 quis
1172 3149 1309 3230 agentes

340 3257 563 3353 dicentesque
592 3255 674 3326 alios
710 3280 826 3328 omnes
854 3257 1006 3348 inducit,
1030 3280 1103 3328 sese
1129 3281 1212 3330 vero
1234 3262 1310 3332 ahs·

338 3379 466 3452 condit.
528 3379 620 3449 Haec
661 3403 730 3449 non
762 3403 966 3476 magnopere
997 3381 1082 3450 retio
1114 3379 1309 3479 philosophi

338 3515 408 3592 est,
440 3503 500 3597 qui
533 3526 634 3572 suum
656 3500 754 3574 nohis
779 3491 913 3573 tradere
938 3515 973 3574 et
995 3503 1139 3600 probare
1162 3519 1311 3602 systema

337 3623 467 3694 studet.
500 3624 589 3695 Raro
610 3623 676 3696 suit
701 3624 785 3696 haec
805 3623 970 3696 modestia
986 3639 1211 3721 systematum
1228 3655 1311 3701 con·

338 3742 507 3819 ditoribus
537 3749 687 3843 propria.
737 3747 829 3837 Quid
861 3748 993 3843 igitur?
1027 3751 1168 3822 nullone
1189 3752 1313 3824 ordine

338 3867 498 3966 procedit.
514 3882 724 3966 vagaturque
744 3869 958 3968 philosophia
975 3871 1124 3945 Platonis
1132 3872 1152 3944 ‘l
1177 3873 1313 3946 Siccine

338 3991 597 4090 philosophatus
621 4005 692 4083 est,
712 4007 752 4067 ut
773 3967 1004 4090 philosophari
1025 4007 1104 4067 ante
1127 4020 1207 4068 eum
1228 3987 1311 4094 poe'
1406 4071 1407 4074 ,
