<?xml version="1.0" encoding="UTF-8"?>
<!DOCTYPE html PUBLIC "-//W3C//DTD XHTML 1.0 Transitional//EN"
    "http://www.w3.org/TR/xhtml1/DTD/xhtml1-transitional.dtd">
<html xmlns="http://www.w3.org/1999/xhtml" xml:lang="en" lang="en">
 <head>
  <title>
</title>
<meta http-equiv="Content-Type" content="text/html;charset=utf-8" />
  <meta name='ocr-system' content='tesseract 3.04.00' />
  <meta name='ocr-capabilities' content='ocr_page ocr_carea ocr_par ocr_line ocrx_word'/>
</head>
<body>
  <div class='ocr_page' id='page_1' title='image "./characterismipr00heusgoog_0130.png"; bbox 0 0 2828 5098; ppageno 0'>
   <div class='ocr_carea' id='block_1_1' title="bbox 99 693 1180 4120">
    <p class='ocr_par' dir='ltr' id='par_1_1' title="bbox 64 693 1180 4120">
     <span class='ocr_line' id='line_1_1' title="bbox 109 693 1070 813; baseline 0.007 -29"><span class='ocrx_word' id='word_1_1' title='bbox 109 693 348 810; x_wconf 80' lang='lat' dir='ltr'><strong>scribendique</strong></span> <span class='ocrx_word' id='word_1_2' title='bbox 371 727 464 804; x_wconf 84' lang='lat' dir='ltr'><strong>erte,</strong></span> <span class='ocrx_word' id='word_1_3' title='bbox 487 715 532 786; x_wconf 93' lang='lat' dir='ltr'><strong>de</strong></span> <span class='ocrx_word' id='word_1_4' title='bbox 553 718 712 813; x_wconf 83' lang='lat' dir='ltr'>sophistis</span> <span class='ocrx_word' id='word_1_5' title='bbox 733 731 769 788; x_wconf 92' lang='lat' dir='ltr'><strong>et</strong></span> <span class='ocrx_word' id='word_1_6' title='bbox 787 719 977 790; x_wconf 86' lang='lat' dir='ltr'><strong>rhetoribus</strong></span> <span class='ocrx_word' id='word_1_7' title='bbox 994 743 1070 791; x_wconf 89' lang='lat' dir='ltr'><strong>eon·</strong></span> 
     </span>
     <span class='ocr_line' id='line_1_2' title="bbox 108 832 1070 933; baseline 0.004 -24.825"><span class='ocrx_word' id='word_1_8' title='bbox 64 832 317 910; x_wconf 79' lang='lat' dir='ltr'><strong>fabulantem</strong></span> <span class='ocrx_word' id='word_1_9' title='bbox 346 837 604 932; x_wconf 88' lang='lat' dir='ltr'><strong>jucundissime.</strong></span> <span class='ocrx_word' id='word_1_10' title='bbox 654 839 728 910; x_wconf 88' lang='lat' dir='ltr'><strong>Tali</strong></span> <span class='ocrx_word' id='word_1_11' title='bbox 757 842 785 911; x_wconf 92' lang='lat' dir='ltr'><strong>is</strong></span> <span class='ocrx_word' id='word_1_12' title='bbox 808 839 912 933; x_wconf 79' lang='lat' dir='ltr'><strong>igitur</strong></span> <span class='ocrx_word' id='word_1_13' title='bbox 932 865 1012 912; x_wconf 87' lang='lat' dir='ltr'><strong>usus</strong></span> <span class='ocrx_word' id='word_1_14' title='bbox 1036 844 1070 912; x_wconf 90' lang='lat' dir='ltr'><strong>in</strong></span> 
     </span>
     <span class='ocr_line' id='line_1_3' title="bbox 106 959 1073 1058; baseline 0.002 -28"><span class='ocrx_word' id='word_1_15' title='bbox 106 963 177 1056; x_wconf 79' lang='lat' dir='ltr'><strong>ipsa</strong></span> <span class='ocrx_word' id='word_1_16' title='bbox 209 961 434 1031; x_wconf 82' lang='lat' dir='ltr'><strong>adolescentia</strong></span> <span class='ocrx_word' id='word_1_17' title='bbox 454 959 613 1053; x_wconf 88' lang='lat' dir='ltr'><strong>doctore,</strong></span> <span class='ocrx_word' id='word_1_18' title='bbox 636 963 722 1058; x_wconf 88' lang='lat' dir='ltr'><strong>quid</strong></span> <span class='ocrx_word' id='word_1_19' title='bbox 742 965 923 1052; x_wconf 88' lang='lat' dir='ltr'><strong>miremur,</strong></span> <span class='ocrx_word' id='word_1_20' title='bbox 945 962 1073 1058; x_wconf 86' lang='lat' dir='ltr'><strong>siphi-</strong></span> 
     </span>
     <span class='ocr_line' id='line_1_4' title="bbox 103 1083 1073 1182; baseline 0 -26"><span class='ocrx_word' id='word_1_21' title='bbox 103 1083 279 1182; x_wconf 90' lang='lat' dir='ltr'><strong>losophiae</strong></span> <span class='ocrx_word' id='word_1_22' title='bbox 312 1083 431 1155; x_wconf 82' lang='lat' dir='ltr'><strong>ardore</strong></span> <span class='ocrx_word' id='word_1_23' title='bbox 463 1084 694 1158; x_wconf 82' lang='lat' dir='ltr'><strong>inflammatus</strong></span> <span class='ocrx_word' id='word_1_24' title='bbox 731 1086 866 1157; x_wconf 86' lang='lat' dir='ltr'><strong>divinae</strong></span> <span class='ocrx_word' id='word_1_25' title='bbox 895 1085 1073 1182; x_wconf 85' lang='lat' dir='ltr'><strong>cujusdam</strong></span> 
     </span>
     <span class='ocr_line' id='line_1_5' title="bbox 103 1205 1180 1304; baseline 0.001 -28"><span class='ocrx_word' id='word_1_26' title='bbox 103 1209 160 1296; x_wconf 91' lang='lat' dir='ltr'><strong>sit,</strong></span> <span class='ocrx_word' id='word_1_27' title='bbox 194 1230 279 1302; x_wconf 86' lang='lat' dir='ltr'><strong>quae</strong></span> <span class='ocrx_word' id='word_1_28' title='bbox 302 1205 347 1276; x_wconf 83' lang='lat' dir='ltr'><strong>ab</strong></span> <span class='ocrx_word' id='word_1_29' title='bbox 371 1206 517 1278; x_wconf 90' lang='lat' dir='ltr'><strong>hominis</strong></span> <span class='ocrx_word' id='word_1_30' title='bbox 541 1209 734 1302; x_wconf 81' lang='lat' dir='ltr'>cognitione</span> <span class='ocrx_word' id='word_1_31' title='bbox 757 1207 921 1304; x_wconf 84' lang='lat' dir='ltr'><strong>prolecta,</strong></span> <span class='ocrx_word' id='word_1_32' title='bbox 947 1207 991 1278; x_wconf 84' lang='lat' dir='ltr'><strong>ad</strong></span> <span class='ocrx_word' id='word_1_33' title='bbox 1016 1231 1075 1277; x_wconf 82' lang='lat' dir='ltr'><strong>ar·</strong></span> <span class='ocrx_word' id='word_1_34' title='bbox 1179 1205 1180 1212; x_wconf 69' lang='grc'>’</span> 
     </span>
     <span class='ocr_line' id='line_1_6' title="bbox 105 1328 1075 1402; baseline 0.006 -6"><span class='ocrx_word' id='word_1_35' title='bbox 105 1330 191 1399; x_wconf 90' lang='lat' dir='ltr'><strong>tium</strong></span> <span class='ocrx_word' id='word_1_36' title='bbox 227 1329 380 1400; x_wconf 89' lang='lat' dir='ltr'><strong>omniurn</strong></span> <span class='ocrx_word' id='word_1_37' title='bbox 411 1328 627 1401; x_wconf 81' lang='lat' dir='ltr'><strong>laudatarum</strong></span> <span class='ocrx_word' id='word_1_38' title='bbox 659 1329 773 1402; x_wconf 90' lang='lat' dir='ltr'><strong>studia</strong></span> <span class='ocrx_word' id='word_1_39' title='bbox 807 1343 843 1402; x_wconf 96' lang='lat' dir='ltr'><strong>et</strong></span> <span class='ocrx_word' id='word_1_40' title='bbox 867 1353 921 1402; x_wconf 88' lang='lat' dir='ltr'><strong>res</strong></span> <span class='ocrx_word' id='word_1_41' title='bbox 945 1329 1075 1402; x_wconf 80' lang='lat' dir='ltr'><strong>divinas</strong></span> 
     </span>
     <span class='ocr_line' id='line_1_7' title="bbox 107 1449 1076 1550; baseline 0.001 -29"><span class='ocrx_word' id='word_1_42' title='bbox 107 1449 286 1522; x_wconf 80' lang='lat' dir='ltr'><strong>tenderet?</strong></span> <span class='ocrx_word' id='word_1_43' title='bbox 334 1451 401 1523; x_wconf 84' lang='lat' dir='ltr'><strong>Sed</strong></span> <span class='ocrx_word' id='word_1_44' title='bbox 425 1475 626 1547; x_wconf 81' lang='lat' dir='ltr'><strong>cognoscere</strong></span> <span class='ocrx_word' id='word_1_45' title='bbox 651 1455 778 1548; x_wconf 87' lang='lat' dir='ltr'><strong>pariter</strong></span> <span class='ocrx_word' id='word_1_46' title='bbox 803 1477 823 1524; x_wconf 89' lang='lat' dir='ltr'><strong>e</strong></span> <span class='ocrx_word' id='word_1_47' title='bbox 847 1454 982 1550; x_wconf 87' lang='lat' dir='ltr'><strong>scriptis</strong></span> <span class='ocrx_word' id='word_1_48' title='bbox 1002 1451 1076 1523; x_wconf 85' lang='lat' dir='ltr'><strong>Pla·</strong></span> 
     </span>
     <span class='ocr_line' id='line_1_8' title="bbox 107 1574 955 1668; baseline 0.001 -25"><span class='ocrx_word' id='word_1_49' title='bbox 107 1575 193 1644; x_wconf 89' lang='lat' dir='ltr'><strong>tonis</strong></span> <span class='ocrx_word' id='word_1_50' title='bbox 218 1585 330 1644; x_wconf 89' lang='lat' dir='ltr'><strong>totum</strong></span> <span class='ocrx_word' id='word_1_51' title='bbox 355 1574 461 1668; x_wconf 89' lang='lat' dir='ltr'><strong>ipsius</strong></span> <span class='ocrx_word' id='word_1_52' title='bbox 485 1575 678 1665; x_wconf 86' lang='lat' dir='ltr'><strong>studiorum</strong></span> <span class='ocrx_word' id='word_1_53' title='bbox 702 1601 841 1647; x_wconf 84' lang='lat' dir='ltr'><strong>cursum</strong></span> <span class='ocrx_word' id='word_1_54' title='bbox 863 1575 955 1648; x_wconf 88' lang='lat' dir='ltr'><strong>licet.</strong></span> 
     </span>
     <span class='ocr_line' id='line_1_9' title="bbox 151 1695 1075 1792; baseline 0 -24"><span class='ocrx_word' id='word_1_55' title='bbox 151 1695 348 1768; x_wconf 81' lang='lat' dir='ltr'><strong>Succedunt</strong></span> <span class='ocrx_word' id='word_1_56' title='bbox 371 1695 548 1769; x_wconf 83' lang='lat' dir='ltr'><strong>Socraticis</strong></span> <span class='ocrx_word' id='word_1_57' title='bbox 571 1697 624 1768; x_wconf 91' lang='lat' dir='ltr'><strong>his</strong></span> <span class='ocrx_word' id='word_1_58' title='bbox 649 1710 684 1768; x_wconf 92' lang='lat' dir='ltr'><strong>et</strong></span> <span class='ocrx_word' id='word_1_59' title='bbox 701 1700 835 1770; x_wconf 91' lang='lat' dir='ltr'><strong>eroticis</strong></span> <span class='ocrx_word' id='word_1_60' title='bbox 853 1698 995 1792; x_wconf 83' lang='lat' dir='ltr'>dialogis</span> <span class='ocrx_word' id='word_1_61' title='bbox 1006 1699 1075 1769; x_wconf 89' lang='lat' dir='ltr'><strong>dia-</strong></span> 
     </span>
     <span class='ocr_line' id='line_1_10' title="bbox 106 1817 1077 1914; baseline 0.006 -27"><span class='ocrx_word' id='word_1_62' title='bbox 106 1818 216 1890; x_wconf 85' lang='lat' dir='ltr'><strong>lectici</strong></span> <span class='ocrx_word' id='word_1_63' title='bbox 249 1843 431 1910; x_wconf 87' lang='lat' dir='ltr'><strong>sermones,</strong></span> <span class='ocrx_word' id='word_1_64' title='bbox 462 1843 542 1891; x_wconf 91' lang='lat' dir='ltr'><strong>cum</strong></span> <span class='ocrx_word' id='word_1_65' title='bbox 566 1819 719 1914; x_wconf 83' lang='lat' dir='ltr'><strong>trilogia,</strong></span> <span class='ocrx_word' id='word_1_66' title='bbox 749 1817 975 1901; x_wconf 77' lang='lat' dir='ltr'><strong>Theaetetus,</strong></span> <span class='ocrx_word' id='word_1_67' title='bbox 1005 1821 1077 1893; x_wconf 81' lang='lat' dir='ltr'><strong>So-</strong></span> 
     </span>
     <span class='ocr_line' id='line_1_11' title="bbox 101 1927 1077 2036; baseline -0.001 -23"><span class='ocrx_word' id='word_1_68' title='bbox 101 1946 228 2036; x_wconf 77' lang='lat' dir='ltr'><strong>phiste</strong></span> <span class='ocrx_word' id='word_1_69' title='bbox 254 1953 289 2012; x_wconf 92' lang='lat' dir='ltr'><strong>et</strong></span> <span class='ocrx_word' id='word_1_70' title='bbox 314 1943 506 2032; x_wconf 84' lang='lat' dir='ltr'><strong>Politicus,</strong></span> <span class='ocrx_word' id='word_1_71' title='bbox 531 1955 606 2013; x_wconf 90' lang='lat' dir='ltr'><strong>tum</strong></span> <span class='ocrx_word' id='word_1_72' title='bbox 631 1941 806 2015; x_wconf 76' lang='lat' dir='ltr'><strong>Philebus</strong></span> <span class='ocrx_word' id='word_1_73' title='bbox 830 1927 865 2012; x_wconf 80' lang='lat' dir='ltr'><strong>et</strong></span> <span class='ocrx_word' id='word_1_74' title='bbox 886 1939 1077 2014; x_wconf 78' lang='lat' dir='ltr'><strong>Parmeni-</strong></span> 
     </span>
     <span class='ocr_line' id='line_1_12' title="bbox 105 2065 1078 2165; baseline -0.002 -29"><span class='ocrx_word' id='word_1_75' title='bbox 105 2067 177 2136; x_wconf 85' lang='lat' dir='ltr'><strong>des.</strong></span> <span class='ocrx_word' id='word_1_76' title='bbox 228 2066 357 2140; x_wconf 86' lang='lat' dir='ltr'><strong>Diversi</strong></span> <span class='ocrx_word' id='word_1_77' title='bbox 391 2068 443 2150; x_wconf 89' lang='lat' dir='ltr'><strong>illi</strong></span> <span class='ocrx_word' id='word_1_78' title='bbox 474 2082 576 2159; x_wconf 89' lang='lat' dir='ltr'><strong>sunt,</strong></span> <span class='ocrx_word' id='word_1_79' title='bbox 612 2071 812 2165; x_wconf 85' lang='lat' dir='ltr'><strong>praesertim</strong></span> <span class='ocrx_word' id='word_1_80' title='bbox 835 2068 997 2165; x_wconf 81' lang='lat' dir='ltr'><strong>postremi</strong></span> <span class='ocrx_word' id='word_1_81' title='bbox 1022 2065 1078 2153; x_wconf 94' lang='lat' dir='ltr'><strong>hi,</strong></span> 
     </span>
     <span class='ocr_line' id='line_1_13' title="bbox 104 2173 1169 2279; baseline 0.005 -24"><span class='ocrx_word' id='word_1_82' title='bbox 104 2211 123 2255; x_wconf 84' lang='lat' dir='ltr'><strong>a</strong></span> <span class='ocrx_word' id='word_1_83' title='bbox 155 2189 349 2261; x_wconf 81' lang='lat' dir='ltr'><strong>Socraticis:</strong></span> <span class='ocrx_word' id='word_1_84' title='bbox 384 2191 508 2263; x_wconf 87' lang='lat' dir='ltr'><strong>diversi</strong></span> <span class='ocrx_word' id='word_1_85' title='bbox 540 2194 642 2264; x_wconf 88' lang='lat' dir='ltr'><strong>etiam</strong></span> <span class='ocrx_word' id='word_1_86' title='bbox 673 2219 693 2263; x_wconf 91' lang='lat' dir='ltr'><strong>a</strong></span> <span class='ocrx_word' id='word_1_87' title='bbox 724 2194 865 2265; x_wconf 88' lang='lat' dir='ltr'><strong>caeteris</strong></span> <span class='ocrx_word' id='word_1_88' title='bbox 897 2190 1077 2279; x_wconf 88' lang='lat' dir='ltr'><strong>omnibus,</strong></span> <span class='ocrx_word' id='word_1_89' title='bbox 1167 2173 1169 2178; x_wconf 37' lang='lat'>⁵</span> 
     </span>
     <span class='ocr_line' id='line_1_14' title="bbox 103 2309 1077 2411; baseline 0 -29"><span class='ocrx_word' id='word_1_90' title='bbox 103 2335 190 2405; x_wconf 86' lang='lat' dir='ltr'><strong>quos</strong></span> <span class='ocrx_word' id='word_1_91' title='bbox 214 2311 375 2406; x_wconf 89' lang='lat' dir='ltr'><strong>deinceps</strong></span> <span class='ocrx_word' id='word_1_92' title='bbox 400 2315 555 2407; x_wconf 83' lang='lat' dir='ltr'><strong>scripsit,</strong></span> <span class='ocrx_word' id='word_1_93' title='bbox 580 2315 698 2408; x_wconf 89' lang='lat' dir='ltr'><strong>quales</strong></span> <span class='ocrx_word' id='word_1_94' title='bbox 723 2328 804 2410; x_wconf 80' lang='lat' dir='ltr'><strong>sunt</strong></span> <span class='ocrx_word' id='word_1_95' title='bbox 818 2309 1077 2411; x_wconf 80' lang='lat' dir='ltr'><strong>Gorgias,Po-</strong></span> 
     </span>
     <span class='ocr_line' id='line_1_15' title="bbox 103 2431 1077 2532; baseline 0.001 -30"><span class='ocrx_word' id='word_1_96' title='bbox 103 2433 203 2520; x_wconf 84' lang='lat' dir='ltr'><strong>litio,</strong></span> <span class='ocrx_word' id='word_1_97' title='bbox 216 2431 376 2518; x_wconf 79' lang='lat' dir='ltr'><strong>Phaedo,</strong></span> <span class='ocrx_word' id='word_1_98' title='bbox 399 2434 639 2527; x_wconf 78' lang='lat' dir='ltr'><strong>Symposiom,</strong></span> <span class='ocrx_word' id='word_1_99' title='bbox 656 2435 835 2524; x_wconf 82' lang='lat' dir='ltr'><strong>Timaeus,</strong></span> <span class='ocrx_word' id='word_1_100' title='bbox 847 2437 973 2532; x_wconf 82' lang='lat' dir='ltr'><strong>Leges.</strong></span> <span class='ocrx_word' id='word_1_101' title='bbox 1000 2433 1077 2527; x_wconf 81' lang='lat' dir='ltr'><strong>Agi-</strong></span> 
     </span>
     <span class='ocr_line' id='line_1_16' title="bbox 103 2553 1077 2650; baseline 0.004 -28"><span class='ocrx_word' id='word_1_102' title='bbox 103 2565 163 2624; x_wconf 90' lang='lat' dir='ltr'><strong>tur</strong></span> <span class='ocrx_word' id='word_1_103' title='bbox 194 2553 230 2622; x_wconf 92' lang='lat' dir='ltr'><strong>in</strong></span> <span class='ocrx_word' id='word_1_104' title='bbox 261 2554 395 2647; x_wconf 78' lang='lat' dir='ltr'><strong>trilogia</strong></span> <span class='ocrx_word' id='word_1_105' title='bbox 426 2554 469 2623; x_wconf 91' lang='lat' dir='ltr'><strong>de</strong></span> <span class='ocrx_word' id='word_1_106' title='bbox 499 2553 688 2645; x_wconf 80' lang='lat' dir='ltr'><strong>dialectice,</strong></span> <span class='ocrx_word' id='word_1_107' title='bbox 723 2561 822 2650; x_wconf 82' lang='lat' dir='ltr'><strong>cujus</strong></span> <span class='ocrx_word' id='word_1_108' title='bbox 853 2561 926 2650; x_wconf 85' lang='lat' dir='ltr'><strong>jam</strong></span> <span class='ocrx_word' id='word_1_109' title='bbox 950 2557 1077 2626; x_wconf 86' lang='lat' dir='ltr'><strong>mentio</strong></span> 
     </span>
     <span class='ocr_line' id='line_1_17' title="bbox 104 2675 1124 2771; baseline 0 -25"><span class='ocrx_word' id='word_1_110' title='bbox 104 2675 192 2747; x_wconf 83' lang='lat' dir='ltr'><strong>facta</strong></span> <span class='ocrx_word' id='word_1_111' title='bbox 224 2677 261 2746; x_wconf 92' lang='lat' dir='ltr'><strong>in</strong></span> <span class='ocrx_word' id='word_1_112' title='bbox 291 2675 464 2746; x_wconf 72' lang='lat' dir='ltr'><strong>Phaedro</strong></span> <span class='ocrx_word' id='word_1_113' title='bbox 489 2675 617 2766; x_wconf 82' lang='lat' dir='ltr'><strong>fuerat,</strong></span> <span class='ocrx_word' id='word_1_114' title='bbox 642 2677 703 2747; x_wconf 94' lang='lat' dir='ltr'><strong>sed</strong></span> <span class='ocrx_word' id='word_1_115' title='bbox 733 2679 770 2747; x_wconf 91' lang='lat' dir='ltr'><strong>in</strong></span> <span class='ocrx_word' id='word_1_116' title='bbox 792 2677 845 2748; x_wconf 92' lang='lat' dir='ltr'><strong>his</strong></span> <span class='ocrx_word' id='word_1_117' title='bbox 868 2675 948 2746; x_wconf 78' lang='lat' dir='ltr'><strong>data</strong></span> <span class='ocrx_word' id='word_1_118' title='bbox 973 2680 1076 2771; x_wconf 77' lang='lat' dir='ltr'><strong>operi</strong></span> <span class='ocrx_word' id='word_1_119' title='bbox 1117 2739 1124 2753; x_wconf 68' lang='grc'>,</span> 
     </span>
     <span class='ocr_line' id='line_1_18' title="bbox 104 2798 1076 2896; baseline 0 -27"><span class='ocrx_word' id='word_1_120' title='bbox 104 2821 156 2869; x_wconf 83' lang='lat' dir='ltr'><strong>ers</strong></span> <span class='ocrx_word' id='word_1_121' title='bbox 177 2798 392 2870; x_wconf 89' lang='lat' dir='ltr'><strong>discernendi</strong></span> <span class='ocrx_word' id='word_1_122' title='bbox 413 2799 650 2894; x_wconf 81' lang='lat' dir='ltr'><strong>jungendique</strong></span> <span class='ocrx_word' id='word_1_123' title='bbox 674 2799 832 2872; x_wconf 87' lang='lat' dir='ltr'><strong>traditur.</strong></span> <span class='ocrx_word' id='word_1_124' title='bbox 882 2801 999 2896; x_wconf 87' lang='lat' dir='ltr'><strong>Neque</strong></span> <span class='ocrx_word' id='word_1_125' title='bbox 1016 2799 1076 2869; x_wconf 85' lang='lat' dir='ltr'><strong>ha·</strong></span> 
     </span>
     <span class='ocr_line' id='line_1_19' title="bbox 102 2921 1077 3016; baseline 0.005 -26"><span class='ocrx_word' id='word_1_126' title='bbox 102 2921 163 2991; x_wconf 44' lang='lat' dir='ltr'><strong>wbet</strong></span> <span class='ocrx_word' id='word_1_127' title='bbox 197 2922 299 2990; x_wconf 87' lang='lat' dir='ltr'><strong>etiam</strong></span> <span class='ocrx_word' id='word_1_128' title='bbox 330 2921 482 2992; x_wconf 86' lang='lat' dir='ltr'><strong>Socrates</strong></span> <span class='ocrx_word' id='word_1_129' title='bbox 507 2923 543 2990; x_wconf 93' lang='lat' dir='ltr'><strong>in</strong></span> <span class='ocrx_word' id='word_1_130' title='bbox 568 2921 742 3015; x_wconf 75' lang='lat' dir='ltr'><strong>Sophiste</strong></span> <span class='ocrx_word' id='word_1_131' title='bbox 760 2935 795 2992; x_wconf 89' lang='lat' dir='ltr'><strong>et</strong></span> <span class='ocrx_word' id='word_1_132' title='bbox 818 2921 976 2994; x_wconf 78' lang='lat' dir='ltr'><strong>Politice</strong></span> <span class='ocrx_word' id='word_1_133' title='bbox 997 2946 1077 3016; x_wconf 83' lang='lat' dir='ltr'><strong>par-</strong></span> 
     </span>
     <span class='ocr_line' id='line_1_20' title="bbox 104 3043 1075 3139; baseline 0.005 -28"><span class='ocrx_word' id='word_1_134' title='bbox 104 3055 153 3114; x_wconf 88' lang='lat' dir='ltr'><strong>tes</strong></span> <span class='ocrx_word' id='word_1_135' title='bbox 177 3045 349 3114; x_wconf 84' lang='lat' dir='ltr'><strong>maximas.</strong></span> <span class='ocrx_word' id='word_1_136' title='bbox 401 3043 532 3114; x_wconf 80' lang='lat' dir='ltr'><strong>Eleates</strong></span> <span class='ocrx_word' id='word_1_137' title='bbox 557 3043 732 3119; x_wconf 85' lang='lat' dir='ltr'><strong>inducitur</strong></span> <span class='ocrx_word' id='word_1_138' title='bbox 756 3043 893 3139; x_wconf 75' lang='lat' dir='ltr'><strong>hospeS,</strong></span> <span class='ocrx_word' id='word_1_139' title='bbox 917 3046 998 3114; x_wconf 79' lang='lat' dir='ltr'><strong>ortis</strong></span> <span class='ocrx_word' id='word_1_140' title='bbox 1014 3043 1075 3116; x_wconf 85' lang='lat' dir='ltr'><strong>hu·</strong></span> 
     </span>
     <span class='ocr_line' id='line_1_21' title="bbox 99 3145 1075 3261; baseline 0 -25"><span class='ocrx_word' id='word_1_141' title='bbox 99 3170 156 3258; x_wconf 82' lang='lat' dir='ltr'><strong>jus</strong></span> <span class='ocrx_word' id='word_1_142' title='bbox 167 3167 405 3261; x_wconf 89' lang='lat' dir='ltr'><strong>peritissimus,</strong></span> <span class='ocrx_word' id='word_1_143' title='bbox 417 3167 477 3261; x_wconf 92' lang='lat' dir='ltr'><strong>qui</strong></span> <span class='ocrx_word' id='word_1_144' title='bbox 489 3177 594 3236; x_wconf 88' lang='lat' dir='ltr'><strong>artem</strong></span> <span class='ocrx_word' id='word_1_145' title='bbox 613 3145 1075 3261; x_wconf 69' lang='lat' dir='ltr'><strong>haneipsam,&#39;diseernendis</strong></span> 
     </span>
     <span class='ocr_line' id='line_1_22' title="bbox 103 3287 1075 3385; baseline 0.005 -29"><span class='ocrx_word' id='word_1_146' title='bbox 103 3311 121 3356; x_wconf 82' lang='lat' dir='ltr'>a</span> <span class='ocrx_word' id='word_1_147' title='bbox 144 3289 285 3359; x_wconf 84' lang='lat' dir='ltr'><strong>caeteris</strong></span> <span class='ocrx_word' id='word_1_148' title='bbox 309 3287 487 3360; x_wconf 90' lang='lat' dir='ltr'><strong>hominum</strong></span> <span class='ocrx_word' id='word_1_149' title='bbox 510 3290 692 3383; x_wconf 85' lang='lat' dir='ltr'><strong>generibus</strong></span> <span class='ocrx_word' id='word_1_150' title='bbox 711 3289 862 3385; x_wconf 89' lang='lat' dir='ltr'><strong>sophista</strong></span> <span class='ocrx_word' id='word_1_151' title='bbox 877 3302 912 3360; x_wconf 88' lang='lat' dir='ltr'><strong>et</strong></span> <span class='ocrx_word' id='word_1_152' title='bbox 923 3289 1075 3385; x_wconf 90' lang='lat' dir='ltr'><strong>politico,</strong></span> 
     </span>
     <span class='ocr_line' id='line_1_23' title="bbox 104 3403 1075 3506; baseline 0.004 -28"><span class='ocrx_word' id='word_1_153' title='bbox 104 3409 231 3480; x_wconf 79' lang='lat' dir='ltr'><strong>Socrati</strong></span> <span class='ocrx_word' id='word_1_154' title='bbox 252 3409 396 3506; x_wconf 90' lang='lat' dir='ltr'><strong>aliisque</strong></span> <span class='ocrx_word' id='word_1_155' title='bbox 415 3410 551 3506; x_wconf 88' lang='lat' dir='ltr'><strong>probat.</strong></span> <span class='ocrx_word' id='word_1_156' title='bbox 578 3410 754 3482; x_wconf 86' lang='lat' dir='ltr'><strong>Cernimus</strong></span> <span class='ocrx_word' id='word_1_157' title='bbox 768 3412 829 3483; x_wconf 93' lang='lat' dir='ltr'><strong>hos</strong></span> <span class='ocrx_word' id='word_1_158' title='bbox 842 3412 994 3506; x_wconf 84' lang='lat' dir='ltr'><strong>legentes</strong></span> <span class='ocrx_word' id='word_1_159' title='bbox 1005 3403 1075 3482; x_wconf 88' lang='lat' dir='ltr'><strong>dia·</strong></span> 
     </span>
     <span class='ocr_line' id='line_1_24' title="bbox 103 3531 1076 3626; baseline 0 -24"><span class='ocrx_word' id='word_1_160' title='bbox 103 3531 212 3626; x_wconf 84' lang='lat' dir='ltr'><strong>logos,</strong></span> <span class='ocrx_word' id='word_1_161' title='bbox 233 3532 405 3606; x_wconf 89' lang='lat' dir='ltr'><strong>discedere</strong></span> <span class='ocrx_word' id='word_1_162' title='bbox 423 3558 442 3602; x_wconf 86' lang='lat' dir='ltr'>a</span> <span class='ocrx_word' id='word_1_163' title='bbox 463 3535 599 3605; x_wconf 82' lang='lat' dir='ltr'><strong>Socrate</strong></span> <span class='ocrx_word' id='word_1_164' title='bbox 621 3533 809 3623; x_wconf 83' lang='lat' dir='ltr'><strong>Platonem,</strong></span> <span class='ocrx_word' id='word_1_165' title='bbox 833 3535 925 3606; x_wconf 85' lang='lat' dir='ltr'><strong>certe</strong></span> <span class='ocrx_word' id='word_1_166' title='bbox 948 3535 1076 3606; x_wconf 86' lang='lat' dir='ltr'><strong>Socrati</strong></span> 
     </span>
     <span class='ocr_line' id='line_1_25' title="bbox 103 3653 1076 3751; baseline 0.004 -28"><span class='ocrx_word' id='word_1_167' title='bbox 103 3653 260 3749; x_wconf 85' lang='lat' dir='ltr'><strong>adjungit</strong></span> <span class='ocrx_word' id='word_1_168' title='bbox 293 3655 376 3726; x_wconf 89' lang='lat' dir='ltr'><strong>alios</strong></span> <span class='ocrx_word' id='word_1_169' title='bbox 409 3655 578 3745; x_wconf 90' lang='lat' dir='ltr'><strong>doctores,</strong></span> <span class='ocrx_word' id='word_1_170' title='bbox 614 3655 791 3746; x_wconf 80' lang='lat' dir='ltr'><strong>Eleatieos,</strong></span> <span class='ocrx_word' id='word_1_171' title='bbox 814 3658 875 3751; x_wconf 92' lang='lat' dir='ltr'><strong>qui</strong></span> <span class='ocrx_word' id='word_1_172' title='bbox 899 3655 1076 3728; x_wconf 81' lang='lat' dir='ltr'><strong>dialectico</strong></span> 
     </span>
     <span class='ocr_line' id='line_1_26' title="bbox 103 3775 1076 3852; baseline -0.002 -2"><span class='ocrx_word' id='word_1_173' title='bbox 103 3779 307 3850; x_wconf 86' lang='lat' dir='ltr'><strong>videbantur·</strong></span> <span class='ocrx_word' id='word_1_174' title='bbox 329 3779 505 3852; x_wconf 84' lang='lat' dir='ltr'><strong>excellere.</strong></span> <span class='ocrx_word' id='word_1_175' title='bbox 555 3775 597 3850; x_wconf 89' lang='lat' dir='ltr'><strong>Et</strong></span> <span class='ocrx_word' id='word_1_176' title='bbox 617 3781 751 3850; x_wconf 88' lang='lat' dir='ltr'><strong>sanein</strong></span> <span class='ocrx_word' id='word_1_177' title='bbox 768 3779 920 3852; x_wconf 77' lang='lat' dir='ltr'><strong>Philebo</strong></span> <span class='ocrx_word' id='word_1_178' title='bbox 931 3781 1076 3850; x_wconf 76' lang='lat' dir='ltr'><strong>et&#39;Por-</strong></span> 
     </span>
     <span class='ocr_line' id='line_1_27' title="bbox 105 3901 1077 3998; baseline -0.004 -26"><span class='ocrx_word' id='word_1_179' title='bbox 105 3903 242 3972; x_wconf 81' lang='lat' dir='ltr'><strong>menide</strong></span> <span class='ocrx_word' id='word_1_180' title='bbox 264 3901 535 3998; x_wconf 85' lang='lat' dir='ltr'><strong>philosophandi</strong></span> <span class='ocrx_word' id='word_1_181' title='bbox 549 3915 657 3973; x_wconf 83' lang='lat' dir='ltr'><strong>exstat</strong></span> <span class='ocrx_word' id='word_1_182' title='bbox 680 3903 765 3978; x_wconf 89' lang='lat' dir='ltr'><strong>ratio</strong></span> <span class='ocrx_word' id='word_1_183' title='bbox 778 3903 887 3996; x_wconf 80' lang='lat' dir='ltr'><strong>&#39;longe</strong></span> <span class='ocrx_word' id='word_1_184' title='bbox 908 3902 1077 3994; x_wconf 80' lang='lat' dir='ltr'><strong>longeque</strong></span> 
     </span>
     <span class='ocr_line' id='line_1_28' title="bbox 105 4023 1078 4120; baseline 0 -28"><span class='ocrx_word' id='word_1_185' title='bbox 105 4024 147 4093; x_wconf 86' lang='lat' dir='ltr'><strong>ab</strong></span> <span class='ocrx_word' id='word_1_186' title='bbox 170 4023 229 4094; x_wconf 86' lang='lat' dir='ltr'><strong>illa</strong></span> <span class='ocrx_word' id='word_1_187' title='bbox 252 4023 397 4095; x_wconf 86' lang='lat' dir='ltr'><strong>Socratis</strong></span> <span class='ocrx_word' id='word_1_188' title='bbox 416 4023 636 4120; x_wconf 86' lang='lat' dir='ltr'><strong>&#39;simplicitate</strong></span> <span class='ocrx_word' id='word_1_189' title='bbox 658 4035 694 4096; x_wconf 89' lang='lat' dir='ltr'><strong>et</strong></span> <span class='ocrx_word' id='word_1_190' title='bbox 714 4025 925 4096; x_wconf 82' lang='lat' dir='ltr'><strong>hmnonitote</strong></span> <span class='ocrx_word' id='word_1_191' title='bbox 935 4033 1078 4094; x_wconf 89' lang='lat' dir='ltr'><strong>remota:</strong></span> 
     </span>
    </p>
   </div>
   <div class='ocr_carea' id='block_1_2' title="bbox 0 0 1426 5098">
    <p class='ocr_par' dir='ltr' id='par_1_2' title="bbox 0 0 1426 5098">
     <span class='ocr_line' id='line_1_29' title="bbox 0 0 1426 5098; baseline 0 0"><span class='ocrx_word' id='word_1_192' title='bbox 0 0 1426 5098; x_wconf 95' lang='lat' dir='ltr'><strong> </strong></span> 
     </span>
    </p>
   </div>
  </div>
 </body>
</html>
