2836 5080
713 453 899 527 ...36-

317 677 426 750 gcrao
445 655 617 750 inquirens
639 665 745 748 atque
766 650 944 747 explorans
967 647 1104 745 placita,
1127 649 1165 720 in
1185 651 1289 721 saeris

279 815 281 822 v
317 773 496 849 dicebatur
521 789 575 846 res
598 799 701 846 novas
723 774 850 845 moliri:
872 771 1045 867 idemque,
1068 795 1148 842 cum
1165 775 1291 866 junon-

317 899 384 970 tuti
415 899 518 968 etiam
548 895 721 968 docendae
742 894 1014 989 excolendaeque
1035 895 1155 964 miram
1172 893 1290 984 illurn,

316 1020 477 1117 sophistis
499 1021 641 1090 invisam
663 1019 821 1108 maxime,
839 1015 1040 1112 disputandi
1052 1017 1219 1086 rationem
1228 1015 1292 1088 ad-

317 1143 464 1234 hiberet,
506 1163 595 1238 quae
623 1140 667 1212 ad
699 1139 917 1210 refutandum
946 1139 1144 1233 composita,
1175 1159 1290 1209 omnes

317 1267 470 1339 omnium
492 1265 688 1353 sententias,
702 1263 973 1358 quibuscunque
982 1261 1122 1332 tandem
1132 1261 1177 1332 de
1187 1259 1290 1332 rebus

317 1414 357 1460 ac
389 1387 435 1458 de
465 1387 667 1482 gravissimis
692 1385 777 1458 adeo
801 1397 958 1480 agerent,
984 1398 1134 1456 evertere
1150 1409 1190 1456 ao
1209 1407 1290 1478 pro-

317 1509 437 1604 fligare
464 1508 665 1600 videbatur,
692 1507 790 1581 facile
814 1533 836 1578 a
856 1508 1014 1598 comicis,
1038 1521 1129 1578 certe
1149 1507 1194 1578 nh
1211 1505 1290 1578 Ari-

317 1630 485 1728 stophane
515 1644 690 1728 tamquam
718 1630 885 1726 sophista,
911 1643 1074 1726 tanquam
1102 1639 1292 1700 contemtor

318 1753 478 1844 deorum,
503 1765 607 1848 atque
631 1753 778 1846 injustae
802 1753 961 1824 orationis
981 1763 1099 1823 auctor
1125 1751 1161 1822 in
1191 1750 1307 1821 scena'

317 1875 582 1972 proponebatur.
633 1873 680 1944 Ut
715 1885 831 1944 autem
861 1873 898 1943 id
930 1871 1029 1944 fieret
1060 1872 1290 1967 probarotque

316 1994 514 2092 plaudendo
534 1995 765 2089 spectantium
789 1993 996 2085 multitudo,
1021 1985 1190 2066 iaciebant
1212 2015 1291 2064 oum

317 2117 401 2216 alia,
439 2129 514 2186 tum
547 2117 677 2212 species
707 2117 790 2207 viri,
821 2117 907 2186 mira
928 2116 999 2188 ,illa
1032 2141 1191 2212 prorsus,
1216 2127 1313 2196 tum,

317 2239 479 2326 vestitus,
510 2235 715 2326 ἀνυπόδητος
736 2249 808 2310 erat
826 2263 976 2335 semper:
1005 2253 1080 2312 tum
1098 2240 1201 2310 etiam
1219 2259 1289 2331 ges-

317 2373 373 2431 tus
408 2372 607 2457 motusque:
639 2357 867 2459 βρενθυόμενος
902 2363 973 2434 fere
1003 2363 1061 2436 aci
1095 2357 1292 2459 τῲφθωλμὼ

317 2481 549 2579 παραβάλλων
582 2483 760 2557 incedebat
794 2483 875 2582 (*),
899 2496 975 2556 tum
1007 2507 1087 2556 vero
1129 2484 1292 2572 maxime,

317 2606 411 2702 quod
437 2629 538 2678 namo
557 2609 711 2678 omnium
731 2607 844 2677 minus
865 2629 902 2677 se
923 2605 1160 2712 commendare
1179 2629 1290 2701 popu-

316 2729 352 2800 lo
376 2727 554 2799 studebat:
578 2727 638 2798 ille
658 2729 750 2798 euim
770 2753 856 2817 esse,
880 2751 950 2800 non
973 2730 1107 2820 uideri,
1131 2727 1293 2800 bonusne

318 2849 448 2946 patriae
471 2848 666 2943 civiumque
691 2873 805 2920 amans
824 2847 972 2920 volebat.
991 2840 1179 2924 “Caeterum
1198 2847 1293 2944 quod

318 2965 536 3069 φροντιςῆριον
567 2971 690 3046 attinet
721 2971 884 3060 Socratis,
918 2971 1012 3067 quod
1045 2973 1081 3042 in
1114 2995 1214 3044 scena
1247 2971 1293 3042 ab

317 3093 545 3190 Aristophane
575 3093 826 3189 spectatoribus·
856 3095 1069 3190 propositum
1101 3107 1171 3186 est,
1207 3093 1293 3166 nul-

317 3217 385 3288 lius
409 3241 579 3313 unquam,
605 3213 731 3305 fateor,
756 3214 951 3312 philosophi
975 3215 1154 3311 disciplina
1171 3217 1292 3310 magis,

318 3363 423 3435 quam
445 3339 609 3428 Socratis,
635 3363 655 3408 a
684 3337 819 3410 scholae
843 3339 1007 3432 angustiis
1038 3338 1232 3414 abhorruit:
1257 3339 1293 3410 in

318 3459 426 3532 oculis
451 3460 510 3530 ille
535 3459 661 3530 civium
684 3459 882 3548 habitabat,
914 3483 1154 3554 sermonesque
1178 3459 1292 3556 palam

319 3603 402 3654 cum
426 3582 535 3652 omnis
559 3582 691 3670 generis
708 3581 917 3671 hominibus,
938 3593 1008 3656 tam
1025 3581 1171 3656 indoctis
1188 3599 1293 3676 quam

319 3703 449 3791 doctis,
475 3690 510 3773 in
531 3705 729 3799 gymnasiis,
752 3705 789 3774 in
809 3703 882 3776 foro
903 3703 1046 3801 aliisque
1069 3705 1150 3778 locis
1171 3707 1294 3778 misce-

356 3955 393 4036 (¹)
409 3971 492 4034 symp.
511 3970 570 4016 aar.
590 3969 607 4017 a
638 3969 675 4017 cr.
695 3970 767 4020 aaa
788 3973 854 4020 aar.
872 3989 906 4024 a
923 3975 982 4022 aar.
1001 3973 1027 4021 o.
