2824 5084
478 546 527 560 ·-
553 501 699 579 249⁶-

105 697 334 793 profecerunt.
366 699 411 770 Ut
435 701 578 772 inditam
601 705 708 774 menti
726 725 807 772 suae
827 687 1092 796 philosophiam

105 845 185 892 cum
219 822 427 914 excitarent,
460 838 534 896 tum
565 824 716 916 alerent,
747 838 822 896 tum
842 827 946 895 etiam
969 827 1074 896 confi-

104 957 235 1014 merent
273 969 313 1017 ac
349 947 626 1038 corroborarent,
650 945 715 1019 hoc
737 947 880 1018 maxime
902 947 1076 1043 proposito

102 1065 325 1171 philosophos
361 1082 532 1166 quotquot
562 1070 698 1142 filerunt
731 1070 959 1160 excellentes,
993 1071 1076 1164 quin
1151 1125 1153 1134 ,

101 1191 212 1262 ctiam
229 1193 347 1285 potitos
369 1192 527 1286 legerunt
549 1193 806 1266 studiosissime.
832 1193 929 1264 Plato
949 1205 1076 1283 autern,

102 1315 234 1409 quippe
257 1314 374 1386 indole
397 1325 432 1386 et
442 1315 623 1412 disciplina
635 1318 824 1389 Socraticus
836 1315 1075 1412 philosophus,

102 1435 169 1509 hoc
201 1439 347 1508 maxime
382 1437 586 1529 factitando,
620 1437 870 1535 philosophiam
903 1441 951 1508 in.
965 1439 1076 1510 lucem

103 1560 240 1649 emisit,
262 1583 350 1655 quac
368 1563 534 1656 optimam
556 1562 744 1633 contineret
766 1562 917 1632 veritatis
929 1562 1076 1633 virtutis-

102 1705 172 1777 que
195 1683 422 1778 disciplinam.
465 1683 594 1754 Pariter
618 1697 744 1778 agunt,
770 1707 855 1779 quos
879 1683 1076 1778 probamus,

102 1805 255 1878 ooleetici
277 1831 316 1878 ao
337 1807 447 1878 critici
469 1805 676 1902 philosophi.
714 1807 844 1876 Tenent
855 1805 1076 1876 Horatianum

70 1911 73 1919 ¹
102 1927 208 1999 illud:
230 1931 394 2000 doctrina
411 1930 474 2000 sad
493 1932 564 1998 vim
572 1939 763 2024 promovet
773 1931 923 1999 insitam
932 1925 1076 2023 (*):hac

101 2073 164 2146 spe
184 2051 350 2147 proficere
373 2076 414 2122 ex
436 2052 595 2156 omnibns
613 2075 701 2146 quac
712 2052 916 2122 exstiterunt
928 2049 1075 2146 philoso

101 2173 248 2268 phorum
267 2173 401 2270 placitis
423 2176 593 2266 nituntur,
618 2176 830 2270 quomagis,
850 2175 883 2244 vi
894 2172 955 2243 illo
973 2172 1074 2242 insita

101 2297 155 2366 his
190 2295 313 2366 studiis
348 2299 524 2388 promota,
558 2299 624 2389 ipsi
654 2311 691 2366 et
714 2321 833 2391 sapere
857 2296 1015 2385 discant,
1040 2307 1075 2366 et

87 2414 389 2512 philosophentur
410 2425 524 2503 recte,
545 2425 594 2504 ot,
619 2437 682 2508 per
703 2415 967 2509 philosophiam,
988 2441 1075 2509 pro·-

100 2540 201 2610 dcsse
223 2561 303 2610 cum
327 2537 458 2608 civibus
483 2535 553 2606 suis
579 2547 654 2606 tum
679 2538 795 2630 generi
819 2536 968 2607 humano
990 2561 1074 2630 pos-

100 2663 182 2734 siut.
231 2659 316 2732 Nam
346 2657 628 2756 philosophorum
659 2659 835 2749 omnium,
868 2681 1075 2754 quocunque

87 2763 240 2856 'tmdem
261 2785 398 2856 nomine
422 2782 658 2879 appellantur,
680 2784 716 2855 in
738 2784 857 2878 primis
878 2781 1074 2854 veroeclec·

102 2910 248 2980 ticorum
277 2919 313 2978 et
333 2907 550 2996 criticorum,
574 2908 604 2978 si
625 2905 766 3002 quidem
788 2905 893 2976 iidem
911 2929 984 2976 csse
1005 2905 1075 2978 So-

101 3033 217 3104 cratici
261 3031 389 3121 velint,
432 3030 520 3102 hanc
553 3053 626 3102 esso
660 3043 827 3120 tesseramx
856 3050 1071 3133 communem

101 3167 254 3250 oportet:
274 3179 402 3248 rapere
425 3155 516 3224 audo
529 3150 603 3248 (†).
628 3152 683 3224 Sic
704 3163 914 3224 autemeam
931 3173 1001 3222 non
1020 3163 1072 3220 te·

101 3299 213 3366 mere,
239 3289 279 3348 ut
301 3275 429 3347 factum
450 3301 470 3346 a
492 3275 610 3346 multis
630 3287 706 3364 cst,
728 3275 954 3370 usurpabunt.

56 3535 57 3540 ’
134 3541 174 3612 1⁸)
190 3546 269 3600 sora.
288 3549 334 3600 oa.
350 3549 392 3599 n.
409 3547 435 3599 4.
451 3549 495 3598 oo.
566 3544 608 3616 (†)
626 3545 661 3597 u.
681 3549 766 3612 Epist.
783 3548 803 3596 1.
822 3549 849 3598 a.
865 3547 908 3594 to.
