2824 5084
705 467 928 541 -182-

326 667 563 766 philosophiae
584 667 778 741 Platonicae
799 669 845 738 ad
867 667 984 740 literas
1005 667 1163 739 edendas
1187 680 1302 760 recte,

282 782 284 792 ’
318 795 403 864 ‘tum
422 793 525 862 etiam
546 790 591 863 ad
608 803 704 862 reete
726 789 976 862 instituendum
998 789 1302 882 hominem,recte·

326 937 396 1011 que
429 912 651 1009 gubernanda
680 913 824 1007 imperia
854 913 905 983 ris
939 925 975 984 et
995 911 1175 986 efficacitas
1200 915 1299 985 esset.
1398 953 1399 1002 3

326 1035 395 1110 Sed
418 1036 464 1108 de
485 1035 577 1108 Italis
602 1034 789 1106 videamus.
1398 1122 1399 1132 ἵ

376 1157 494 1230 Cicero
514 1137 551 1228 in
574 1157 766 1228 Tusculano
790 1153 1008 1226 Academiam
1027 1155 1304 1247 condidit,aedi·

326 1283 445 1354 ficium
466 1280 787 1376 amplum,.artium
808 1279 1012 1350 Graecarum
1034 1279 1304 1375 exquisitissimis

327 1403 558 1476 monumentis
581 1412 757 1492 ornatum,
779 1401 816 1470 in
835 1423 906 1496 quo
928 1400 1097 1471 disserere
1111 1425 1191 1473 cum
1213 1402 1305 1472 ami·

327 1527 377 1598 cis
399 1524 444 1596 de
465 1524 575 1596 literis
597 1535 633 1595 et
655 1522 873 1620 philosophia
892 1522 1036 1596 solebat.
1075 1523 1194 1594 Simile
1219 1524 1306 1620 quid

327 1645 404 1719 Itali
426 1645 615 1719 Florentiae
636 1648 730 1718 Saea.
742 1647 814 1718 XV.
837 1658 941 1742 atque
962 1644 1008 1716 ad
1017 1651 1180 1742 majorem
1201 1648 1304 1720 etiam

329 1771 819 1868 aequalium'postetorumque
829 1770 994 1862 fructum,
1005 1769 1257 1868 instituerunt(
1277 1768 1303 1867 ).

329 1895 392 1966 Vix
403 1891 525 1968 habuit
536 1895 708 1968 Mediceus
719 1895 891 1991 princepe,
902 1893 997 1990 quod
1008 1892 1304 1988 majoreetstudie

289 2071 292 2076 .
328 2028 365 2088 et
390 2019 513 2090 auore
542 2029 827 2114 prosequeretur,
853 2041 958 2112 quam
993 2015 1196 2088 Sodalitinm
1219 2015 1305 2088 illud

327 2137 560 2229 Platonicum,
597 2139 693 2234 quod
728 2139 935 2210 Platonicam
966 2139 1138 2236 appellare
1169 2138 1306 2212 heada-

328 2261 432 2332 miam
454 2260 597 2332 solebat.
635 2261 731 2356 Ipso,
754 2263 816 2356 qui
841 2261 1050 2356 putabatur,
1075 2263 1228 2335 Platonis
1249 2265 1306 2335 dia

328 2383 454 2476 natali,
484 2383 546 2478 qui
577 2405 652 2455 esse
682 2381 857 2454 serebatur
886 2383 960 2454 dies
981 2386 1148 2479 septimus
1167 2389 1307 2460 11].Νο-

329 2507 498 2596 vembris,
526 2505 773 2576 conveniebant
805 2503 938 2576 sodales
973 2506 1127 2602 undique
1147 2509 1185 2578 in
1209 2533 1307 2604 mag·
1397 2497 1398 2562 l

329 2625 622 2702 nifieentissimam
648 2627 877 2698 Medieeorum
905 2627 1041 2718 villam,
1064 2641 1139 2700 tum
1160 2631 1305 2703 Floren-

329 2753 431 2822 tiam:
447 2749 650 2842 ¹festumque
672 2761 818 2842 utroque
838 2749 913 2822 loeo
927 2750 1133 2824 suavissimis
1143 2756 1307 2827 conviviis

330 2884 366 2942 ct
389 2870 603 2941 sermonibus
623 2871 863 2962 celebrabant,
890 2885 971 2944 cum
991 2873 1028 2944 in
1046 2873 1214 2968 Platonis,
1230 2890 1308 2950 turn

329 2994 476 3064 maxime
497 2994 534 3063 in
556 2989 792 3088 philosophiae
816 2993 993 3066 honorem.
1041 2995 1239 3092 Platonem,
1258 3001 1308 3073 la·
1398 3007 1399 3010 ’

329 3129 425 3208 teor,
449 3139 519 3188 non
542 3115 779 3209 intelligebant
803 3117 900 3188 satis:
923 3117 1124 3210 miscebant,
1146 3135 1309 3218 protem-

330 3261 454 3333 porum
486 3237 624 3308 illerum
660 3239 811 3329 ratione,
843 3263 923 3309 eum
943 3239 1076 3335 placitis
1099 3245 1251 3340 antiquis
1275 3261 1310 3319 et

330 3357 513 3430 Platonicis
536 3359 661 3454 partim
680 3359 1029 3456 Neo-platonicorum,
1052 3365 1177 3459 partim
1194 3367 1310 3442 Chris

335 3481 504 3552 tianorum
533 3481 795 3579 philosophiam.
852 3483 1081 3558 Veruntamen
1099 3487 1204 3562 ltalia
1223 3493 1311 3588 pla·

330 3603 440 3674 cuisse
475 3615 653 3702 tantopere
685 3609 823 3700 tamque
855 3605 1074 3680 vehementer
1103 3607 1309 3709 Platonem,

366 3907 400 3977 (⁴¹)
427 3907 459 3960 V.
488 3908 622 3959 Tiraboschi
638 3905 667 3959 (le
683 3909 726 3961 hae
741 3923 831 3981 aetate,
849 3915 875 3963 in
891 3915 972 3982 primis
988 3913 1111 3982 Pignotti,
1136 3920 1224 3969 Stort'u
1247 3923 1312 3972 Tos-

213 4057 217 4066 ,
331 4017 402 4056 eane.
425 4001 480 4054 vot.
497 4001 527 4052 t.
542 4017 568 4070 p.
584 4003 645 4056 846.
661 4003 715 4055 Vol.
732 4007 774 4057 Vl.
792 4023 817 4072 p.
834 4007 894 4057 228.
