2828 5098
888 365 891 374 ι

741 448 934 520 *80—

812 551 815 562 a

351 647 549 740 priusquam
577 645 749 714 civitatem
779 655 1000 738 capesserent,
1031 659 1135 716 semet
1167 649 1259 742 ipsos
1289 663 1327 720 et

239 839 243 852 ,
351 777 586 860 cognoscerent
609 777 643 834 et
656 767 873 859 corrigerent:
895 789 1012 836 verum
1029 767 1327 864 aliospermultos,

351 891 531 985 ipsumque
564 887 737 958 Platonem
770 898 899 982 postea,
927 910 1043 981 reapse
1069 886 1122 959 his
1143 893 1281 964 monitis
1305 919 1325 962 a

350 1011 559 1106 reipublicae
580 1008 867 1082 administratione
889 1011 1068 1080 retinuisse
1093 1010 1250 1082 videtur:
1274 1015 1325 1085 ef-

352 1133 501 1228 fecitque
532 1134 591 1222 ita,
623 1144 661 1202 ut
694 1134 800 1227 ipsius
822 1132 981 1227 discipuli
1002 1157 1157 1226 magnam
1179 1149 1324 1230 partem,

352 1281 419 1329 non
447 1256 558 1328 solum
584 1255 780 1326 muneribus
803 1255 949 1350 publicis
971 1279 1040 1326 uon
1063 1257 1249 1349 obeundis,
1271 1263 1324 1332 de·

352 1380 577 1469 mocrata‘om,
604 1380 727 1448 avitam
755 1377 866 1468 illam,
896 1378 941 1448 ab
963 1379 1037 1474 ipso
1064 1381 1185 1452 Solone
1206 1383 1323 1456 induc·

352 1516 422 1572 tam
445 1525 483 1572 ac
512 1501 695 1571 stabilitam
714 1500 885 1594 regiminis
916 1499 1057 1572 formam
1074 1515 1322 1598 sustentarent,

352 1623 411 1695 sed
443 1624 478 1692 in
506 1623 570 1692 alia
601 1625 711 1694 omnia
742 1623 891 1695 abirent:
924 1623 1111 1719 Xenophon
1138 1628 1322 1722 perfectam

351 1747 598 1837 monarchiam,
631 1746 814 1844 perfectam
836 1749 1075 1820 aristocratiam
1104 1727 1199 1821 Plato
1221 1753 1323 1824 infor-

351 1884 474 1942 maret:
496 1871 591 1940 Plato
606 1869 690 1939 adeo
711 1872 746 1940 in
769 1868 909 1940 Potitia
935 1872 1043 1965 ipsam
1065 1870 1323 1946 Atheniensium

297 1977 299 1982 ¹
351 1969 600 2081 democratiam,
622 1991 731 2084 qualis
753 1993 814 2060 suh
838 2002 908 2061 erat
924 2003 1044 2082 aetate,
1065 1992 1207 2064 ridicula
1224 2020 1323 2088 pror-

350 2140 407 2187 sus
428 2091 537 2208 specie
560 2113 749 2206 legentibus
774 2093 986 2207 proponeret
1037 2113 1124 2186 Turn
1146 2117 1248 2187 etiam
1261 2119 1323 2190 So·
1365 2188 1368 2194 ,

349 2250 468 2326 crates,
504 2259 610 2330 quum
639 2247 813 2330 quaereret
837 2259 980 2330 semper,
1001 2237 1085 2330 quid
1101 2239 1199 2333 pium
1221 2255 1321 2332 esset,

349 2361 432 2454 quid
454 2360 594 2447 bonum,
616 2357 698 2453 quid
717 2340 863 2451 justum,
882 2357 1167 2454 contenderetque
1188 2362 1224 2432 id
1244 2365 1321 2434 uni-

347 2506 386 2554 ce
416 2485 487 2553 viro
520 2483 555 2550 in
585 2480 687 2551 rebus
718 2479 853 2573 agendis
869 2491 1022 2574 totaque
1050 2483 1119 2550 vita
1139 2485 1320 2578 respicien-

346 2605 429 2676 dum
455 2628 538 2694 esse,
566 2627 606 2674 eo
634 2602 841 2697 perducebat
850 2606 999 2694 -juvenes
1018 2602 1126 2692 facile,
1151 2617 1190 2674 ut
1218 2605 1254 2674 hi
1283 2609 1321 2677 iu

346 2729 493 2821 pietatis,
515 2723 665 2794 veritatis
688 2747 726 2793 ac
742 2723 895 2816 justitiae
918 2726 1034 2795 caussh
1055 2726 1181 2818 agenda
1204 2739 1239 2796 et
1263 2741 1321 2800 tu·

346 2849 445 2946 enda,
478 2871 541 2918 nec
562 2847 634 2916 aliis
657 2835 719 2916 nec
740 2869 820 2918 vero
838 2848 1035 2942 parentibus
1058 2849 1159 2939 adeo,
1183 2851 1245 2944 qui
1268 2863 1320 2922 te-

345 2996 435 3042 mere
457 2973 493 3040 in
513 2971 565 3041 his
587 2969 817 3060 versabautm·,
839 2983 1033 3066 parcerent:
1060 2973 1319 3066 quodomnium

345 3095 487 3164 maxime
505 3093 683 3164 videbatur
706 3093 833 3164 civitati
849 3095 1040 3189 civiumque
1060 3095 1212 3164 moribus
1225 3096 1319 3167 obes-

345 3239 389 3286 se.
440 3216 529 3288 Haec
564 3225 679 3304 erant,
710 3239 797 3310 quae
828 3217 863 3285 in
902 3217 1037 3286 Socrate
1065 3239 1133 3288 non
1156 3217 1230 3286 sine
1249 3220 1318 3288 veri

345 3339 455 3432 speeie
483 3336 741 3436 reprehenderet
773 3349 883 3408 aetate
904 3339 966 3408 suh
995 3339 1154 3429 comicus,
1182 3338 1317 3409 eadem-

344 3485 411 3556 que
434 3473 511 3556 post
530 3483 608 3530 eum
628 3462 698 3531 sive
721 3485 858 3532 caussae
878 3462 1150 3556 sivepraetextus
1163 3461 1316 3552 fuerunt,

345 3595 384 3652 ut
420 3595 528 3654 morte
556 3582 777 3680 philosophus
811 3583 1038 3654 damnaretur.
1100 3583 1225 3654 Verum
1253 3607 1320 3655 nec

344 3705 605 3800 Aristophanes,
627 3731 690 3778 nec
717 3706 802 3777 alius
823 3706 992 3801 quispiam
1013 3706 1050 3774 in
1070 3706 1226 3778 universo
1254 3729 1320 3801 po-

343 3830 427 3927 pulo
446 3827 641 3900 Atheniensi
662 3828 898 3924 perspiciebat,
917 3851 986 3924 quo
1007 3827 1160 3898 tenderet
1177 3829 1320 3924 proprie

344 3954 488 4026 Socratis
522 3952 711 4039 consilium,
745 3963 939 4046 quantoque
967 3951 1031 4022 hoc
1051 3954 1184 4046 majus,
1206 3970 1318 4036 quam
