2824 5084
496 515 546 527 ..-
570 435 714 542 rur-

122 661 311 754 telligitur,
348 662 635 751 eclecticismrun,
669 665 765 760 qnod
795 686 919 734 nomeu
949 665 1093 754 attinet,

119 784 225 876 magis
255 795 448 879 temporum
483 790 764 883 opportunitate,
794 810 898 882 quem
922 760 1094 880 xprincipis

110 905 320 981 ¹auctoritate
349 906 544 1004 philosophi
566 911 746 981 exstitisse.
796 908 944 998 Deinde,
975 909 1093 1000 singu-

118 1027 197 1100 laris
215 1027 382 1122 quaedam
402 1031 650 1126 propemodum
670 1021 908 1106 eclecticorum
920 1032 1011 1138 ratio
1030 1043 1093 1102 est.
1121 1119 1124 1130 ι

117 1142 192 1224 Non
226 1153 341 1242 enim,
372 1166 411 1224 ut
441 1156 581 1250 sceptici
611 1155 811 1250 dogmaticis
847 1179 886 1227 ec
914 1154 1095 1248 dogmatici
1203 1199 1207 1210 ·

117 1275 297 1369 sceptiois,
332 1275 383 1346 illi
419 1276 492 1348 aliis
525 1275 664 1348 suerunt
696 1277 905 1374 quibusdam
926 1277 1094 1372 oppositi.

120 1396 261 1470 Constat
284 1397 420 1470 sibimet
445 1401 518 1496 ipse
541 1400 786 1472 aeleaticismus
810 1411 846 1470 et
866 1410 1022 1468 naturam
1044 1420 1094 1466 re-

118 1518 201 1590 fert:
229 1521 450 1614 quamobrem
479 1521 584 1594 nullis
608 1547 700 1612 nou,
724 1525 785 1618 qui
806 1521 969 1610 fuerunt,
998 1521 1095 1615 priu-

117 1641 250 1736 cipibus
277 1642 489 1738 philosophis
513 1646 713 1738 communis
730 1644 807 1716 fuit.
831 1644 988 1716 Ecle'ctici
1009 1667 1095 1738 quo·

116 1765 298 1838 dammodo
329 1767 497 1838 triumviri
529 1769 809 1862 praestantissimi
840 1766 1001 1855 fuerunt,
1034 1767 1096 1839 So·

116 1901 236 1979 crates,
260 1889 368 1979 Plato,
391 1888 601 1962 Aristoteles.
634 1892 720 1963 Nam
740 1888 865 1985 singuli
884 1891 935 1958 illi
951 1863 1096 1983 pariter,

115 2037 155 2084 ao
177 2011 302 2082 deiude
319 2009 541 2084 Alexandrini
564 2013 736 2104 eclectici,
760 2037 780 2084 e
801 2013 1016 2108 superiorum
1039 2033 1096 2080 ae*

113 2113 225 2206 tatum
259 2113 472 2230 philosophis
505 2148 540 2206 at
575 2138 686 2231 poetis
708 2136 939 2231 profecerunt.
990 2132 1094 2204 Stoici
1211 2169 1216 2176 ·

116 2271 230 2330 autem
258 2269 293 2326 et
325 2257 503 2348 Epicurei,
532 2258 684 2348 collectis
707 2261 940 2352 antiquiorum
960 2255 1093 2350 plceitis

116 2378 285 2474 physicis,
306 2375 515 2464 dialecticis,
538 2378 747 2465 moralibus,
773 2379 855 2452 inde
875 2377 1093 2448 confecerunt

115 2507 298 2597 systemata
319 2523 392 2571 sua.
446 2499 607 2570 Naturam
634 2497 759 2589 refert,
782 2513 823 2571 ut
842 2500 938 2590 dixi,
958 2500 1095 2572 eclecti·

115 2626 256 2698 cismus:
290 2634 366 2694 tum
402 2621 542 2694 demum
570 2645 760 2717 repugnare
795 2635 937 2694 naturae
959 2623 1095 2716 coepit,

115 2751 224 2843 quum
251 2745 356 2816 iidem
377 2745 429 2814 illi
452 2745 555 2820 Stoici
576 2756 680 2840 atquc
709 2741 889 2840 Epicurei,
909 2745 1095 2840 praecipue

114 2893 195 2962 roro
217 2869 356 2965 proprie
378 2867 427 2938 sic
446 2865 1095 2962 dictieclectioi,Ammonius,Porphy‘

115 2995 207 3082 rius,
232 3011 419 3086 eorumque
441 2988 616 3078 asseclae,
633 2990 750 3060 critici
772 2989 947 3082 neglecta,
961 2989 1094 3082 neglec·

116 3116 159 3192 tis
192 3113 278 3188 adeo
309 3113 497 3212 sacratim
520 3110 758 3206 philosophiae
777 3110 975 3206 principiis,
995 3135 1094 3183 com·

116 3239 257 3309 miscere
278 3249 406 3308 temere
428 3235 524 3304 nulla
544 3257 613 3304 non
629 3234 818 3327 priscorum
845 3233 983 3330 placita,
996 3233 1093 3306 inde·
1137 3227 1141 3234 ‘

117 3383 185 3453 quc
205 3358 354 3432 conflare
374 3356 642 3452 philosophiam,
667 3357 782 3428 nescio
800 3381 927 3451 quam,
951 3356 1092 3426 eclecti-

118 3505 191 3552 cam
222 3483 466 3569 instituerunt,
501 3493 539 3550 ut
574 3478 841 3568 eclecticismus,
860 3479 904 3550 ab
927 3478 987 3548 illo
1013 3479 1094 3550 inde

120 3619 272 3700 tempore
295 3605 339 3674 ad
362 3616 511 3676 nostram
535 3625 644 3697 usque
664 3612 821 3690 aetatem,
842 3601 962 3672 eddam
979 3601 1092 3697 plane,

117 3752 185 3822 qua
219 3730 499 3822 syneresismas,
524 3723 772 3818 significatione
795 3735 953 3818 acceptus
979 3723 1092 3800 fuerit.

119 3851 194 3938 Quo
215 3849 350 3924 rectius¹
362 3850 498 3922 criticae
517 3846 753 3943 philosophiae
772 3859 913 3936 auctor,
934 3849 1092 3938 Kantius,

120 3997 236 4045 severo
266 3972 397 4066 judicio
430 3970 623 4042 intellectus
648 3969 787 4070 humaui
810 3968 987 4042 facultates
1009 3967 1094 4042 suh·
