2824 5084
488 467 537 479 -
563 425 707 496 225-

121 625 357 711 adsciscenres,
365 621 445 692 inde
456 645 577 692 novam
587 621 760 718 quandam
770 623 989 715 omniumque
1000 644 1093 718 prse-

118 746 359 818 stantissimem
380 747 451 816 sive
472 745 723 842 philosophiam
735 743 1005 816 siredoctrinem
1017 770 1093 818 con-

118 869 271 940 ficerent.
304 867 454 938 Fuerunt
477 867 630 940 eclectici
648 867 699 936 illi
720 892 799 939 curn
818 866 875 937 alii
892 867 1007 956 multi,
1018 870 1093 938 tum

36 1031 38 1036 ·
119 993 333 1088 potissimum
352 989 550 1062 Ammonius
571 993 710 1082 Saccas,
730 991 903 1084 Origenes,
925 989 1095 1090 Plotinus:
1152 1075 1155 1090 Ι
1192 989 1196 1003 “

119 1115 330 1194 celeberrimi
349 1139 429 1186 sone
452 1127 562 1186 aetate
583 1141 644 1186 sua
666 1117 751 1204 viri,
776 1105 837 1185 sed
861 1114 926 1186 hoc
944 1113 1013 1184 sere
1035 1137 1093 1210 no-

119 1239 211 1308 mine
233 1263 253 1308 a
275 1239 419 1333 posteris
436 1239 632 1334 reprehensi
657 1239 860 1333 rejectique,
877 1235 1093 1331 quodminus

119 1363 274 1458 eligere,
295 1374 335 1432 ut
356 1362 581 1454 videbantur,
609 1385 728 1458 reapse
751 1386 791 1433 ex
815 1361 999 1456 superioris
1022 1349 1094 1431 ccvi

64 1543 67 1548 ,
120 1483 353 1580 philosophis,
379 1486 415 1554 in
439 1487 558 1580 primis
583 1509 602 1556 e
624 1485 763 1556 Platone
779 1497 813 1556 et
829 1482 1024 1574 Aristotele,
1036 1507 1094 1576 op·

120 1591 203 1702 tima
225 1631 381 1703 quaeque
396 1659 406 1697 ‚
421 1632 525 1702 quem
546 1630 661 1678 omnes
685 1610 880 1678 conciliare
901 1605 1095 1677 contendis-

120 1741 219 1819 sent,
252 1743 356 1824 atque
379 1731 427 1800 ita
458 1731 750 1814 commiscuissent
772 1729 1095 1824 perturbassentque

120 1853 243 1923 omnia.
293 1851 403 1940 Quam
423 1851 686 1948 philosophandi
720 1853 886 1923 rationem
908 1850 961 1920 his
984 1850 1095 1920 verbis
1147 1925 1152 1936 ⁸

118 1974 305 2045 rectissime
337 1984 433 2046 notet
453 1973 705 2064 Ruhnkcnius,
730 1974 790 2044 ubi
815 1973 1005 2066 Longinum
1027 1973 1095 2043 illis

120 2097 274 2190 opponit.
324 2097 549 2196 Longinam,
576 2098 644 2186 eit,
670 2103 817 2192 ignoret
851 2104 989 2168 accerse
1020 2106 1095 2186 est,

120 2222 183 2315 qai
205 2221 273 2290 tute·
294 2223 438 2312 iayeaio
451 2301 456 2311 ⁸
460 2222 645 2314 placuisse
669 2221 795 2290 credat
814 2220 944 2288 duram
963 2228 1000 2292 ei
1021 2245 1105 2312 con·¹

123 2349 256 2410 tortam
285 2339 609 2431 philosophorum,
644 2343 705 2432 qai
727 2330 1097 2431 cenatiunculam,

122 2459 430 2547 conciliationem,
457 2461 623 2528 insanam
660 2458 856 2554 allegorici
883 2464 959 2528 siae
981 2487 1096 2532 secre-

124 2585 233 2654 tioris
256 2582 597 2678 seusasqeoereucii
617 2581 797 2661 stadium,
822 2586 996 2676 mysticae
1022 2585 1097 2654 dis·

94 2795 105 2802 *
115 2709 325 2802 potationes
345 2706 389 2776 cte
405 2702 479 2776 Deo
491 2705 695 2800 diuinisque
708 2709 1000 2787 emanationibus
1014 2708 1097 2804 qai-

123 2832 185 2898 bus
210 2853 327 2900 ornnes
351 2829 500 2898 illoram
521 2829 612 2898 iibri
632 2839 716 2899 saut
736 2833 887 2926 referti,
908 2831 1096 2902 aliudene'·

121 2978 186 3048 qae
218 2952 350 3039 mette,
373 2953 498 3046 quibas
526 2961 598 3020 tam
625 2977 716 3022 uera
738 2961 774 3021 et
797 2955 942 3022 sincera
963 2951 1097 3025 Plato-

119 3080 181 3146 ais
205 3075 445 3170 philosophia
468 3075 632 3168 foeolam¹
651 3079 691 3144 ia
714 3075 853 3146 modam
869 3075 1098 3146 adulteraba-

123 3210 185 3270 tur
215 3195 278 3295 (*).
340 3195 469 3284 Quodsi
494 3197 711 3290 quaerimus,
736 3220 798 3266 eur
819 3219 859 3266 eo
881 3198 1099 3292 pervenerint

123 3320 353 3417 perversitatis
385 3319 536 3390 eclectiei
568 3319 640 3407 illi,
662 3317 791 3390 scilicet
813 3318 962 3391 defuisse
986 3321 1026 3390 iis
1046 3321 1097 3390 vi·
1196 3398 1198 3404 s

122 3443 243 3534 detur,
266 3444 326 3538 qui
346 3443 477 3513 cunetis
500 3443 570 3512 veri
591 3442 736 3513 nominis
756 3441 923 3514 eclecticis
939 3444 1097 3540 proprius

123 3567 212 3656 fuit,
233 3566 446 3638 criticismus.
1049 3584 1051 3589 ·

159 3835 198 3904 (*)
215 3835 309 3887 nutnt.
323 3841 430 3904 -Dt'spat
448 3840 478 3889 de
494 3844 572 3906 Loaq·
592 3843 617 3890 C.
636 3841 679 3890 vl.
697 3843 782 3907 Opusc.
801 3841 821 3891 1.
839 3842 897 3890 498.

911 4055 955 4124 15
