2824 5084
610 495 613 502 ι
692 499 738 516 -
764 457 908 532 am.-

309 659 417 751 ritur,
441 672 480 728 ut
501 669 634 728 nosmet
656 658 759 752 ipsos,
782 669 822 726 ut
846 653 1019 726 hominem
1028 664 1292 743 cognoscamus,
1398 709 1399 713 ,

196 845 201 856 .
309 807 380 878 quo
399 781 525 852 rectius
546 803 567 850 e
587 777 703 849 studio
724 791 853 868 nostro,
877 777 951 872 ipsd
974 773 1096 844 naturd
1119 771 1218 842 nobis
1235 771 1286 840 in·

310 901 389 995 sito,
409 927 489 976 oum
506 901 642 998 pulcri,
665 914 740 972 tum
762 901 868 990 boni,
889 899 966 970 tum
983 897 1093 992 justi,
1115 906 1196 965 tum.
1214 913 1283 962 ma-

309 1029 399 1096 xime
420 1026 529 1098 sancti
552 1025 740 1121 divinique,
762 1023 872 1120 qualis
894 1022 986 1092 Deus
1005 1021 1063 1110 sit,
1083 1017 1288 1104 efficiamus,
1395 1024 1399 1057 ²

309 1161 402 1219 eerte
422 1173 630 1244 auguremur
651 1145 914 1246 quodammodo.
965 1143 1107 1234 Quodsi,
1128 1141 1183 1212 his
1204 1164 1286 1237 per·
1395 1138 1398 1149 '

309 1273 417 1366 ceptis
438 1273 606 1364 interius,
626 1284 720 1362 recte
742 1270 786 1340 ad
808 1269 895 1342 haee
917 1264 1121 1339 declaranda
1141 1275 1288 1334 naturae

257 1415 266 1431 ⁴
308 1393 594 1488 contemplatione
616 1395 669 1464 usi
685 1393 871 1483 fuerimus,
890 1413 961 1461 non
982 1389 1048 1460 erit
1068 1409 1172 1477 sane,
1189 1385 1288 1479 quod

307 1531 411 1610 ¹supra
430 1528 600 1606 naturam,
625 1528 664 1587 ut
678 1514 757 1586 feeit
769 1512 968 1616 Aristoteles
980 1508 1041 1609 (ἢ,
1054 1509 1287 1602 nescioquam

307 1649 463 1709 naturam
489 1637 678 1734 ‘fingamus
728 1615 878 1711 Mundus
912 1634 1062 1707 Platonis
1094 1631 1225 1720 νοητός,
1249 1631 1285 1700 in

306 1783 410 1854 quem
430 1785 492 1836 nos
513 1761 629 1833 evehit
652 1759 890 1857 philosophus,
913 1757 1027 1860 adres
1045 1753 1285 1848 visibilesoog·

306 1885 491 1958 noseendas
513 1885 625 1975 valet,
647 1909 719 1957 non
740 1895 880 1980 superat
901 1903 1018 1952 rerum
1038 1890 1197 1950 natmam
1209 1873 1280 1974 (†)

304 2005 372 2075 Sed
403 2005 621 2080 attendamus
644 2031 767 2104 porro,
789 2031 893 2102 quam
917 2005 987 2074 rim
1010 2001 1095 2074 haee
1109 2002 1186 2096 ip'sa
1205 2001 1280 2070 Pla-

305 2130 416 2198 toniea
438 2129 655 2224 philosophia
675 2129 721 2198 ad
742 2139 834 2198 recte
857 2124 1068 2198 uastandam
1088 2122 1281 2234 Aristoteli·

303 2271 379 2318 eam
399 2247 534 2319 hebeat.

352 2371 475 2444 Sterile
496 2375 749 2468 negotiumest,
762 2385 920 2444 naturam
930 2372 1282 2468 indagaretuelasses

303 2491 458 2588 redigere
477 2493 667 2568 doetrinae:
687 2497 780 2592 ipsas
801 2497 904 2568 etiam
921 2495 1091 2568 doctrinas
1112 2507 1194 2590 apta
1211 2511 1282 2566 m'e-
1395 2485 1400 2526 ⁴

304 2617 411 2690 thodo
433 2631 590 2709 tractare,
612 2621 730 2690 sterile
749 2620 845 2710 adeo,
864 2599 995 2691 oaussas
1016 2641 1281 2710 renamcognos-
1397 2644 1398 2661 ¹

304 2741 402 2829 eere‚‘
420 2741 507 2831 nisi,
534 2765 605 2836 quo
623 2741 708 2812 hae'c
729 2754 886 2837 spectent
897 2742 1022 2831 omnia,
1035 2741 1187 2836 quidque
1197 2737 1282 2810 inde

258 2875 261 2880 '
305 2861 484 2933 hominum
516 2863 635 2936 civitas
675 2863 898 2936 emolumenti
931 2865 1066 2960 capiat,
1099 2885 1283 2958 perspexe-

305 2984 424 3056 rimus.
474 2983 513 3056 ld
534 2998 651 3088 autem
673 2999 714 3056 ut
740 3011 817 3058 non.
831 2997 1036 3082 magnopere
1045 2986 1178 3058 curavit
1187 2983 1285 3058 Aris-

305 3107 453 3199 toteles‚
476 3109 525 3180 ita
543 3109 641 3181 Plato
665 3110 820 3182 omnium
840 3111 986 3182 maxime
1006 3107 1285 3205 philosophando

306 3232 486 3324 spectarit.
536 3233 622 3304 Tota
643 3230 712 3326 hue
729 3234 879 3328 pertinet
899 3221 1059 3328 princeps
1073 3230 1286 3328 philosophi,

308 3375 413 3446 quam
436 3355 554 3447 rejecit
577 3352 803 3446 Aristoteles,
826 3354 871 3426 de
894 3353 978 3426 ideis
1001 3354 1168 3427 doctrina.
1218 3354 1287 3426 Ne·

308 3473 424 3566 gabat,
444 3473 552 3544 ullam
561 3497 635 3548 esse
645 3477 750 3550 ullius
762 3477 938 3576 doetrinae
948 3476 1019 3550 sire
1029 3479 1286 3574 praestantiam,

232 3677 239 3695 .
305 3593 380 3664 sive
407 3589 615 3689 utilitatem,
644 3601 729 3682 nisi,
751 3601 813 3695 qui
835 3600 986 3672 colerent
1006 3623 1107 3690 eam,
1130 3599 1286 3679 idearwn
1401 3589 1403 3616 ²

343 3904 379 3972 (Ἴ
396 3907 435 3957 Cl.
451 3923 520 3972 supra
535 3923 561 3972 p.
581 3907 629 3954 166
647 3917 671 3954 et
689 3909 747 3958 1⁰7.
788 3907 829 3976 (†)
848 3909 908 3957 Vide
925 3926 985 3976 qnae
1002 3909 1046 3960 hae
1064 3908 1093 3960 de
1111 3927 1136 3958 re
1154 3909 1207 3959 dixi
1224 3911 1288 3960 rste.

309 3997 363 4047 vu.
383 3997 417 4046 u.
434 4014 459 4064 p,
477 3999 501 4048 a.
520 4014 572 4064 pag.
591 3999 633 4048 aa.
666 4039 667 4042 ,
1402 3987 1403 4002 ’
