2828 5098
465 535 513 551 »-
533 491 609 568 -127
635 536 684 553 --

94 711 207 762 verum
227 693 361 785 assequi
383 692 480 761 unice
502 693 671 762 nituntur.
697 688 804 785 Atqui
825 692 854 760 si
875 715 991 762 verum
1003 715 1058 764 ex·

92 817 223 909 quirem
245 812 435 907 negligunt,
459 813 641 908 quomodo,
663 811 747 908 quid
760 839 844 885 vere
861 814 905 884 sit
916 814 1057 904 honum,

89 933 174 1031 quid
192 961 276 1008 aare
298 937 342 1008 sit
359 938 513 1029 justum,
539 937 757 1032 quinetiam,
781 935 866 1032 quid
879 961 963 1007 vere
982 959 1058 1031 pro·

88 1061 131 1129 sit
163 1057 308 1148 civitati,
333 1057 586 1154 assequentur?
634 1059 772 1155 ltaque,
802 1071 842 1129 ut
863 1060 1000 1128 maximi
1023 1059 1057 1128 id

88 1181 250 1251 momenti
280 1179 428 1252 ducebat
459 1181 705 1278 philosophus,
733 1183 780 1251 ita
813 1181 1059 1252 studiosissime

88 1326 208 1373 novam
248 1302 381 1373 induxit
426 1305 462 1372 in
498 1303 650 1398 [serleeta
682 1304 818 1375 civitate
847 1303 1059 1398 eandemque

88 1427 293 1497 verissimam
326 1425 548 1498 dialecticam.
600 1427 658 1528 list
685 1427 742 1497 illa
777 1452 857 1498 cum
891 1429 1059 1502 Socratica

86 1552 259 1644 pacensisfl
288 1560 323 1618 et
356 1546 520 1646 ἐπαγωγῇ
543 1553 740 1642 conjuncta,
775 1574 893 1620 aarum
914 1575 982 1622 uon
1003 1574 1058 1622 so-

87 1671 157 1742 lum
193 1671 237 1740 ad
271 1671 483 1762 docendum,
518 1671 579 1741 sed
614 1669 657 1739 ad
681 1672 924 1742 inveniendum
956 1675 1059 1743 otiam

85 1792 185 1867 valet.
248 1791 311 1863 Ars
347 1805 399 1863 est
442 1791 707 1864 celebratissima
739 1791 799 1862 illa
830 1795 991 1864 cernendi
1020 1819 1060 1866 ae

82 1913 270 2009 jungendi,
305 1917 413 1987 omnis
451 1915 708 2011 philosophiae,
744 1938 832 2010 quae
865 1915 909 1984 ad
942 1939 1061 1986 veium

86 2037 284 2134 bonumque
304 2039 434 2128 tendit,
459 2039 725 2110 instrumentum
748 2039 974 2110 necessarium
996 2037 1010 2135 (
1032 2037 1058 2134 ).

133 2161 194 2234 sic
211 2185 371 2233 renovare
395 2161 492 2233 Plato
512 2175 546 2233 et
570 2163 756 2233 instaurare
777 2173 866 2231 artes
888 2183 1006 2232 omues
1026 2171 1061 2231 et

84 2283 280 2378 disciplinas
303 2307 479 2376 aggressus
502 2297 575 2374 est,
604 2309 673 2378 quo
696 2285 801 2376 magis
824 2283 1060 2379 philosophia,

83 2419 122 2476 ut
152 2405 283 2475 Socrati
317 2416 422 2498 atque
454 2415 534 2472 ante
561 2405 732 2474 Socratem
752 2405 960 2498 Pythagorae
978 2407 1059 2502 pla-

83 2522 412 2618 eue1·at,‘aatdsia,
446 2529 627 2596 institutio
651 2537 740 2594 esset
770 2523 968 2629 hominum,
992 2551 1061 2621 quo

84 2649 186 2722 homo
207 2672 226 2718 a
251 2672 361 2744 puero
383 2671 446 2743 per
464 2659 553 2717 antes
573 2671 614 2717 ao
636 2645 832 2741 disciplinas
857 2647 901 2718 ad
924 2651 1060 2745 sapien-

85 2774 185 2863 tiam,
201 2755 247 2841 'ac
267 2772 417 2866 primum
435 2771 587 2842 omnium
609 2769 653 2839 ad
670 2773 862 2842 veritatem
880 2795 1060 2868 assequen-

85 2893 164 2964 dam
193 2895 405 2964 exeoleretm·
435 2907 470 2963 at
501 2892 759 2988 peulueeretur.
809 2893 908 2964 Unde
931 2885 1060 2965 intelli-

86 3017 214 3110 gimus,
239 3018 300 3112 qul
318 3015 447 3088 laetum
469 3017 534 3106 sit,
559 3027 598 3086 ut
616 3015 731 3086 sohola
748 3015 897 3087 Platonis
919 3040 981 3112 per
1000 3039 1059 3086 se-

85 3139 241 3212 culorum
270 3139 453 3212 decursum
475 3139 599 3209 artium
622 3139 855 3210 venustiorum
877 3161 916 3208 ae
939 3137 1060 3206 litera-

85 3283 163 3333 rum
203 3261 318 3334 studio
354 3261 510 3335 floiuerit
543 3262 708 3352 maxime,
744 3263 817 3358 ipsa
850 3271 965 3330 autem
996 3260 1059 3330 viri

84 3385 302 3482 philosophia
323 3383 440 3456 hahita
460 3385 530 3456 fere
553 3387 725 3474 veritatis
739 3385 978 3480 philosophia
1001 3383 1057 3454 sit.

82 3507 185 3596 Quod
201 3543 204 3548 ·
220 3521 333 3580 autem
363 3507 528 3596 diximus,
564 3507 758 3591 Platonem,
785 3517 824 3576 ut
844 3505 910 3576 fuit
939 3505 1059 3576 libera·
1160 3485 1165 3500 ’

175 3731 327 3741 μ...ω-,-..-.

60 3844 63 3851 ’
117 3856 147 3922 (*)
166 3855 308 3919 Diligentius
325 3854 353 3902 de
371 3811 409 3902 his
427 3851 533 3902 omnibus
550 3855 604 3916 egi:
623 3853 683 3900 Im't.
708 3853 776 3902 Plu'l.
796 3852 865 3900 Ptol.
884 3851 960 3900 v.11.
980 3851 1005 3898 Ρ.
1024 3849 1057 3897 11.

87 3963 109 4011 p.
125 3951 252 3999 43-157.
287 3949 346 3998 tou
362 3947 467 3996 Platonis
483 3943 593 4010 primaria
610 3955 666 3994 suut
681 3947 788 3994 Phosdr.
807 3945 857 3993 20⁰
876 3945 900 3994 Β.
917 3971 949 3982 -
964 3941 1015 4026 m
1032 3942 1058 3989 E.
1146 4009 1148 4012 Ι

88 4041 125 4090 De
142 4045 203 4110 Bop.
223 4045 250 4092 t.
266 4041 319 4093 vll.
