2824 5084
206 3999 216 4035 l

665 495 928 580 .-200-‚

321 694 575 790 philosophiam
608 717 680 765 esse
714 695 872 780 studium
901 696 1125 786 sapientiae,
1146 677 1298 766 melisiano

323 841 396 892 esse
427 817 471 887 ad
503 829 592 888 artes
612 829 647 886 et
674 816 844 888 doctrinas
866 813 1057 886 tractandas
1084 826 1200 904 reete,
1223 837 1297 885 esse

322 964 398 1011 eam
418 940 576 1028 omnine,
600 935 747 1033 purioris'
769 940 876 1010 instar
895 963 935 1008 ae
956 936 1164 1008 sublimioris
1181 935 1295 1028 religi-

322 1065 418 1153 onis,
447 1065 691 1134 initiationem
718 1061 891 1156 quandam
922 1062 958 1130 in
980 1059 1225 1154 antiquissimis
1245 1083 1297 1130 sas

323 1186 472 1282 pientiae
493 1185 607 1256 sacris.
645 1183 732 1278 Ergo
754 1185 860 1275 haec,
881 1187 1011 1280 quippe
1031 1207 1101 1255 non
1110 1182 1298 1269 intellecta,

254 1357 258 1366 ·
322 1309 423 1382 ssoeoi
446 1307 605 1380 facimus:
623 1309 826 1380 doctrinam
843 1330 929 1398 esse,
944 1310 1015 1379 sive
1026 1307 1214 1396 seientiam,
1225 1306 1299 1401 phi-

1404 1353 1408 1408 l

323 1417 512 1527 losephiam
541 1430 778 1512 contendimus
798 1443 903 1525 atque
924 1453 1170 1502 asseveramus:
1188 1453 1209 1498 a
1230 1451 1301 1524 quo
1407 1487 1408 1510 2

323 1555 461 1626 decreto
485 1554 640 1648 quamvis
664 1551 844 1652 abhorreat
855 1553 964 1642 Plato,
974 1566 1090 1624 tamen
1099 1563 1207 1622 totam
1223 1551 1300 1621 Pla-

324 1679 413 1749 tonis
437 1674 713 1772 philosophiam,
735 1689 898 1772 tanquam
919 1699 1022 1747 unam
1042 1675 1298 1763 doctrinarum,

322 1800 584 1896 quaeinlinitae
607 1823 750 1870 numero
774 1811 1075 1888 sunt,t1·aotamus.
1098 1798 1298 1870 Perversum

322 1927 360 1994 in
391 1925 510 2021 primis
539 1923 728 2018 judiciuin:
758 1946 827 2018 quo
856 1922 906 1992 nil
925 1923 1031 2016 magis
1053 1945 1115 1992 uos
1133 1920 1295 2016 impedit,

326 2049 508 2142 quominus
545 2023 738 2140 intelligere
773 2069 905 2140 suoque
929 2047 1041 2140 pretio
1065 2046 1297 2116 aestimasset

323 2171 448 2264 scripta
474 2181 508 2238 et
531 2149 657 2262 placita
681 2168 830 2238 Platonis
844 2169 1035 2263 possimus.
1050 2169 1216 2240 ,Tandem
1236 2168 1298 2240 heo

324 2293 422 2358 inre
445 2288 617 2382 inprimis
639 2285 847 2361 Aristoteliei
872 2294 1012 2383 sumus,
1034 2305 1074 2362 ut
1096 2293 1169 2362 sine
1191 2305 1297 2362 meta-

323 2412 463 2508 physiea
483 2409 600 2482 ‘ullam
631 2412 687 2482 vix
707 2435 780 2484 esse
800 2411 1054 2517 philosophiam
1079 2415 1296 2486 arbitremur.
1404 2511 1405 2516 ἵ

324 2536 424 2624 Quod
456 2547 495 2606 ut
523 2533 622 2606 nobis
653 2537 905 2632 persuasimus,
927 2538 974 2608 ita
996 2537 1129 2609 Platoni
1147 2539 1299 2610 tribuere
1404 2533 1405 2572 ³

324 2683 460 2749 omnes,
480 2683 564 2753 quas
586 2683 647 2730 nos
667 2659 892 2751 elaboramus,
915 2660 1151 2756 philosophiae
1169 2674 1296 2756 portes,

325 2788 432 2879 ipsam
460 2781 544 2851 adeo
563 2781 849 2877 metaphysieatn,
870 2783 1029 2855 solemus.
1080 2784 1180 2872 Quasi
1202 2784 1299 2855 seili-

324 2918 378 2976 eet
402 2903 474 2993 ille,
499 2914 539 2972 ut
554 2901 635 2974 fecit
657 2901 874 2996 Aristoteles,¹
898 2909 1048 3001 primum
1069 2929 1123 2978 res
1140 2906 1299 3003 physicas
1402 2977 1403 2982 ,

263 3085 267 3090 .
324 3027 539 3121 indagasset,
571 3037 647 3096 tum
678 3049 757 3098 vero
789 3029 965 3100 seientiam
988 3029 1184 3126 quandam,
1209 3053 1300 3125 quae

326 3154 405 3248 ὑπὲρ
439 3147 487 3224 τὰ
520 3149 653 3244 oviam
676 3163 787 3242 esset,
810 3153 1042 3247 excogitasset.
1093 3152 1298 3240 Caeterum,

324 3275 418 3372 quod
440 3271 681 3367 negligendum
703 3275 842 3346 minime
862 3287 931 3366 est,
951 3277 1000 3348 sio
1022 3297 1083 3348 nos
1106 3275 1300 3346 obtruden-

324 3413 376 3470 tes
391 3396 546 3484 Platoni,
566 3417 654 3489 quae
676 3395 820 3468 aliorum
837 3409 936 3487 sunt,
959 3399 1030 3470 suis
1040 3400 1154 3494 ipsum
1163 3399 1300 3494 placitis

323 3521 447 3611 simul,
479 3541 566 3614 quae
595 3518 735 3613 quidem
755 3520 812 3590 isti
834 3521 957 3590 rationi
970 3543 1046 3592 non
1066 3523 1298 3612 conveniunt,

322 3645 515 3743 privemus:
538 3653 577 3712 ut
591 3655 671 3713 sunt
683 3695 694 3733 ,
715 3665 803 3738 quae
825 3627 981 3716 amorem
1006 3649 1188 3728 uranium,
1210 3667 1298 3742 quae
1404 3737 1405 3742 ἵ

322 3769 494 3838 musicam
517 3767 782 3856 sublimiorem,
808 3789 897 3861 quoe
918 3793 1096 3864 organum
1119 3774 1204 3840 veri
1222 3795 1302 3840 mo-

325 3895 379 3963 bis
401 3889 569 3978 inditum,
585 3912 674 3983 quae
697 3891 982 3986 disciplinarum
1002 3894 1127 3963 studio
1138 3894 1302 3964 odoari-

325 4027 431 4090 tntem
461 4015 734 4111 assequendum,
766 4038 854 4108 quae
877 4020 949 4086 iter
972 4017 1199 4086 learninis‘mi
1217 4019 1301 4086 oir-
