2828 5098
702 482 915 558 -132-

333 700 425 776 tem,
447 711 516 781 quo
542 685 686 775 clarius,
707 685 789 780 quid
807 687 942 780 justitia
962 699 1071 777 esset,
1095 685 1181 781 quid
1197 663 1312 782 injus·

334 812 428 900 titia,
451 820 600 904 pateret.
650 807 717 880 Sed
744 808 832 878 illud
852 811 889 878 in
911 809 1004 882 hisce
1021 809 1191 903 fingendis
1206 833 1311 906 spec-

335 934 418 1002 tavit
441 933 678 1028 potissimum,
707 941 747 1001 ut
766 929 900 1001 felicem
916 954 990 1002 esse
1001 930 1309 1027 probaretjustnm

334 1053 524 1145 hominem,
557 1054 686 1123 etiamsi
712 1055 858 1147 pessime
887 1053 931 1123 ab
953 1055 1088 1149 injustis
1109 1054 1309 1127 hominibus

333 1177 528 1265 haberetur,
548 1187 583 1244 et
604 1173 779 1246 videretur
797 1174 882 1244 adeo
903 1175 1058 1269 injustus:
1073 1179 1308 1272 contrainjus-

335 1313 410 1370 tum
430 1298 626 1386 hominem,
645 1296 800 1390 quamvis
822 1295 1018 1367 laudaretur
1035 1297 1079 1368 ab
1099 1299 1261 1370 omnibus
1273 1313 1308 1370 et

330 1428 446 1516 justus
479 1419 655 1490 videretur
686 1417 791 1507 adeo,
823 1417 995 1490 infelicem
1029 1443 1113 1490 esse.
1163 1420 1232 1508 Qui
1260 1423 1308 1492 sic

334 1540 607 1639 philosophando
626 1539 874 1635 scribendoque
894 1541 1030 1612 virtutis
1041 1541 1144 1638 atque
1151 1545 1308 1637 justitiae

335 1666 562 1762 patrocinium
584 1665 753 1760 suscepit,
773 1687 837 1734 nae
856 1665 885 1736 is
907 1663 975 1736 dici
987 1689 1067 1737 vero
1075 1667 1214 1738 nomine
1221 1671 1307 1764 pbi—

336 1789 520 1884 loaopbt‘ce
540 1789 694 1860 moralis
717 1797 836 1860 statar
856 1798 891 1856 et
914 1797 1027 1881 potest
1051 1799 1086 1858 et
1100 1787 1226 1859 debet.

754 2025 890 2048 --·-

729 2193 914 2266 PLATO

516 2376 677 2426 rotinere
701 2375 926 2424 rumosoemffl
950 2378 1114 2426 conmron.

383 2538 558 2610 Cernimus
587 2535 673 2632 quid
701 2537 855 2608 Socrates
873 2536 1005 2608 Platoni
1029 2539 1064 2608 in
1087 2536 1311 2634 philosophia

306 2661 310 2666 ’
332 2661 564 2759 peragendum
587 2661 774 2755 reliquerit.
801 2657 1071 2732 Adumbraverat
1089 2661 1150 2732 ille
1171 2661 1310 2753 leviter,

217 2771 223 2795 ¹
332 2809 421 2880 quae
442 2784 499 2854 hic
516 2783 725 2854 elaboraret:
745 2780 967 2853 fundamenta
989 2783 1049 2854 ille
1077 2795 1247 2878 posuerat,
1269 2785 1312 2854 in

333 2907 460 3001 quibus
483 2904 539 2976 hic
561 2914 832 2974 consummatum
854 2902 925 2974 fere
947 2905 1139 2976 aedilicium
1147 2917 1310 2978 exstrue-

332 3039 397 3099 ret.
447 3025 515 3098 Sed
534 3027 662 3122 pariter
681 3026 765 3094 item
785 3023 882 3096 Plato
906 3029 1072 3120 posteris,
1098 3027 1198 3099 nobis
1222 3030 1311 3102 adeo

333 3152 426 3224 hisce
446 3149 676 3246 temporibus,
699 3148 810 3219 multa
829 3149 969 3244 reliquit
989 3151 1193 3246 peragenda,
1219 3177 1311 3248 quae

333 3277 407 3368 ipsc
436 3271 662 3344 inchoaverat.
713 3271 751 3340 In
773 3269 827 3341 his
848 3272 1014 3342 censenda
1032 3274 1205 3369 inprimis
1223 3276 1308 3370 poli·

331 3397 398 3468 tica
422 3393 639 3492 philosophia
669 3405 732 3465 est.
787 3395 853 3467 Nos
885 3397 921 3464 in
943 3419 982 3466 ea
1005 3421 1206 3492 progressus
1227 3423 1308 3470 sane

330 3517 546 3620 admirabiles
570 3517 730 3606 fecimus,
753 3518 883 3612 quippe
903 3519 939 3588 in
963 3517 1306 3592 hominenonsolum

333 3647 465 3731 civem,
495 3653 535 3712 ut
560 3643 716 3738 antiqui,
737 3640 798 3710 sed
819 3641 921 3712 ctiam
941 3644 1117 3714 bominem
1139 3665 1309 3712 veneran-

303 3779 406 3857 tes,
444 3789 514 3836 non
550 3765 717 3837 ciuitatis
750 3775 887 3858 agentes
919 3777 1074 3855 tantum,
1105 3765 1167 3836 sed
1201 3766 1308 3836 etiam
1405 3851 1406 3854 Ἴ

329 3891 582 3988 praecipuoque
610 3889 686 3982 loco
710 3891 948 3960 liemonitotis
970 3913 1133 3962 caussam.
1177 3888 1308 3959 Verun-

327 4027 440 4086 tamen
469 4012 512 4084 ad
544 4033 750 4107 germanam
770 4011 943 4106 politicam
972 4036 1051 4083 cum
1083 4009 1307 4083 excolendam
