2836 5080
481 465 664 537 ...29-

98 655 162 725 sive
186 657 288 726 etiam
322 659 533 750 gravissima,
567 663 743 730 institutus
765 683 874 730 sermo
894 673 986 751 erat,
1008 662 1061 730 in-

97 779 296 872 terrogando
328 779 387 850 ille
416 783 465 854 sie
493 781 528 852 in
559 785 728 876 angustias
760 783 901 877 cogebat
922 807 1060 879 respon-

97 900 245 992 dentem,
271 913 311 972 ut
325 901 422 974 fateri
447 905 502 975 hio
526 905 679 996 deberet,
704 906 754 976 nil
777 906 821 976 de
841 927 881 974 ea
899 918 1063 992 constare,

97 1025 209 1118 quain
233 1047 271 1094 re
292 1027 525 1120 persequenda
549 1053 628 1098 eum
652 1051 696 1098 ne
711 1029 829 1099 virtuti
845 1026 983 1121 quidem
1006 1039 1065 1098 ant

90 1145 246 1238 justitiae
272 1158 435 1240 parceret,
461 1148 581 1242 quidni
601 1149 703 1242 vulgo
724 1149 842 1220 haberi
867 1154 940 1244 ejus
960 1151 1065 1221 oratio

93 1267 221 1361 injusta
250 1272 431 1364 justaeque
464 1272 600 1343 inimica
632 1268 811 1343 debebat?
860 1272 961 1360 Quod
984 1273 1067 1342 item
1123 1279 1125 1285 '

93 1387 194 1464 Meno
214 1389 287 1480 illo,
316 1415 419 1486 quem
440 1393 714 1486 significamus,
734 1394 809 1466 loeo
833 1395 891 1464 ait.
927 1393 1068 1466 »Caute

95 1517 170 1597 tibi,
195 1515 326 1609 inquit,
349 1543 369 1586 o
398 1515 587 1588 Socrates!
611 1520 793 1590 consulere
813 1519 963 1596 viderie,
977 1501 1070 1614 quod

91 1663 269 1734 nunquam
295 1639 368 1710 atto
388 1643 661 1732 peregrinaris.
693 1639 793 1710 Nom
810 1645 845 1710 ei
865 1641 1002 1710 advena
1023 1645 1064 1710 in

92 1761 217 1832 alienet
239 1764 326 1832 urbe
358 1763 449 1832 talia
472 1765 741 1858 agerea,faeile
770 1774 822 1851 te,
845 1774 887 1834 ut
902 1767 1064 1857 praesti·

87 1889 283 1978 giatorem,
305 1885 494 1980 abigerent
517 1882 604 1980 (*).’'

127 2006 300 2096 Quamvis
325 2005 430 2099 igitur
453 2005 585 2080 diversa
609 2007 690 2094 sint,
716 2006 801 2101 quin
818 2007 920 2076 etiam
941 2018 1069 2078 eontra·

90 2131 141 2200 ria
172 2129 354 2200 videantur
382 2152 455 2200 esse
479 2153 559 2202 cum
582 2126 829 2223 Aristophanis
856 2141 931 2200 tum
955 2129 1067 2200 Xeno-

90 2251 233 2346 phontis
268 2263 303 2322 et
335 2249 484 2322 Platonis
515 2251 559 2322 de
592 2252 729 2324 Socrate
750 2252 893 2347 judicia,
913 2251 1068 2346 jndioare

91 2387 215 2446 tamen
236 2373 288 2442 illi
311 2372 355 2442 de
377 2397 446 2444 uno
468 2373 656 2466 eodemque
675 2375 747 2444 viro
770 2376 818 2446 sio
837 2374 971 2446 diversa
994 2374 1069 2470 ple·

89 2521 140 2568 ne
176 2497 306 2566 ratione
338 2506 537 2589 potuerunt,
570 2494 740 2590 siquidem
760 2495 893 2566 diversa
915 2520 994 2566 enm
1013 2521 1068 2568 ae-

90 2631 168 2693 tate
193 2629 423 2711 cognoverunt
444 2641 483 2688 ao
505 2615 769 2711 descripserunt.
814 2617 1070 2689 Mediocresho·

91 2743 205 2816 mines
240 2752 279 2812 ut
310 2739 425 2824 subito
448 2751 697 2828 maturescunt,
721 2741 768 2810 ita
791 2738 912 2812 eodem
935 2762 1072 2836 semper

91 2864 245 2958 ingenio,
283 2861 403 2934 iisdem
436 2884 508 2932 esse
532 2861 683 2948 moribus
704 2861 894 2948 videntur,
907 2864 967 2957 qui
991 2885 1071 2934 vero

92 2987 248 3058 eminent
279 2986 418 3056 caeteris
448 2984 573 3078 ingenii
609 2985 778 3078 animique
813 2985 963 3073 dotibus,
996 3009 1071 3055 raro

91 3111 181 3186 tales
205 3121 368 3204 apparent
384 3109 557 3196 continuo,
570 3107 686 3202 quales
697 3108 906 3202 proveetiore
917 3105 1069 3200 aliquan-

91 3233 141 3303 do
167 3243 278 3302 aetate
300 3230 406 3302 futuri
428 3241 520 3300 sunt.
569 3227 666 3298 Latet
688 3229 749 3300 diu
771 3227 1009 3300 excellentium
1020 3229 1070 3298 vi-

90 3377 238 3444 rorum,
270 3364 471 3448 anteaquam
494 3362 692 3444 agnoscatur
714 3351 757 3422 ab
779 3347 949 3439 omnibus,
971 3351 1072 3424 insita

89 3489 242 3554 naturae
261 3478 380 3550 virtus.

126 3729 166 3799 (Ἴ
188 3732 290 3782 neum
307 3730 325 3780 l.
343 3730 361 3782 l.
378 3731 414 3780 cf.
433 3731 500 3794 Πίος.
517 3731 593 3780 hert.
605 3729 637 3780 11.
649 3728 693 3778 28.
708 3726 790 3776 Aeach.
804 3729 832 3778 iu
847 3727 967 3778 rimaran
978 3726 1070 3794 pm.

522 3911 656 3934 ...4.-
