2824 5084
716 463 934 535 -194-
1004 449 1017 498 ¹·

342 689 436 755 aevo,
458 670 518 760 qui
536 670 663 761 pariter
682 665 717 733 id
739 676 851 758 ageret
872 661 1139 756 perficeretque,
1165 661 1321 730 ltenatus

342 787 523 860 Cartesius.
566 788 695 878 Quodsi
715 786 939 859 Aristotelem
956 783 1048 856 illius
1066 783 1321 879 metaphysicae

343 911 522 1001 ambitum,
545 933 684 1006 quoque
699 891 851 988 ¹manime
870 907 1010 996 valeret,
1021 907 1215 1001 perspicere
1225 907 1319 1000 cupi-

343 1059 439 1126 mus,
459 1035 678 1130 respiciamus
699 1032 913 1105 Cartesianac
933 1029 1108 1102 doctrinae
1120 1053 1200 1100 cnm
1215 1029 1317 1099 ratio-

344 1159 445 1248 nem,
484 1169 560 1230 tum
592 1155 763 1230 effectum.
814 1155 897 1226 Nam
916 1153 1115 1226 Aristoteles
1139 1131 1344 1250 metaphy-¹

343 1282 446 1352 sicam
469 1281 694 1377 descripserat
711 1281 748 1348 in
764 1300 866 1374 opere
880 1276 925 1348 de
931 1283 1060 1372 prima
1066 1279 1320 1374 philosophia,

344 1427 414 1475 non
431 1415 645 1492 tractaverat,
667 1423 737 1473 non
758 1401 899 1473 caeteris
915 1398 1078 1472 doctrinis
1089 1399 1249 1472 omnihus
1261 1401 1319 1471 ad-

346 1527 523 1615 hibuerat,
555 1549 624 1596 non
658 1525 732 1620 ipse
765 1523 942 1596 tractanda
964 1521 1023 1593 illa
1048 1521 1092 1592 ad
1114 1545 1232 1594 rerum
1252 1547 1320 1596 om-

345 1651 442 1720 nium
464 1649 641 1720 scientiam
658 1648 835 1742 pervenire
854 1644 1085 1718 contenderat.
1123 1644 1162 1715 ld
1179 1645 1318 1719 demum

346 1770 516 1842 Cartesius
534 1768 632 1860 lecit,
651 1791 756 1864 quem
776 1770 884 1840 secuti
907 1767 951 1838 ad
961 1758 1124 1838 Kantium
1136 1773 1318 1866 usquepri-

347 1896 444 1966 marii
464 1895 595 1990 quique
614 1891 811 1988 philosophi
833 1904 926 1962 sunt.
951 1889 1130 1962 Simillima
1152 1891 1182 1962 is
1192 1894 1318 1964 ratione

348 2043 428 2091 cum
464 2018 621 2112 concepit
647 2027 762 2086 mente
778 2019 957 2111 primaru,
976 2035 1080 2108 quam
1103 2014 1178 2108 ipse
1196 2017 1319 2111 pariter

348 2143 414 2214 hoo
447 2139 551 2211 verbo
580 2150 700 2226 vocat,
727 2139 1008 2234 philosophiam
1030 2133 1101 2234 (²⁶),
1133 2151 1210 2210 tum
1244 2161 1320 2209 vero

348 2264 437 2334 hanc
458 2263 529 2332 sive
550 2258 817 2355 metaphysicam
839 2260 910 2331 sive
928 2258 1213 2356 hyperphysicam
1237 2275 1320 2334 trac-
1398 2271 1399 2280 ’

350 2384 457 2475 tavit,
474 2394 737 2479 geometrarum,
756 2383 830 2478 ipsa
846 2381 995 2454 Euclidis
1015 2382 1190 2475 methodo,
1214 2384 1320 2457 elaho

350 2507 437 2578 ravit
460 2519 564 2604 atque
585 2505 730 2602 perfecit
752 2503 829 2604 (†)=
847 2529 951 2601 quam
973 2507 1109 2578 saeculo
1130 2521 1210 2604 post
1231 2509 1323 2580 Wcl·
1397 2525 1398 2556 ³

350 2629 417 2702 fios
440 2629 484 2702 ad
499 2653 616 2703 omnes
627 2630 756 2725 pariter
767 2628 959 2700 tractandas
969 2627 1141 2702 docminas
1152 2629 1321 2702 adhibuit.

351 2752 509 2824 Arduum
541 2773 623 2823 sane
647 2775 755 2846 opus:
783 2751 932 2845 perutile
951 2751 995 2822 ad
1017 2754 1324 2848 argumentandum

343 2865 676 2969 ‘demonstrandique
697 2871 895 2945 facultatem
914 2875 951 2944 in
967 2875 1179 2974 philosophis
1203 2880 1325 2950 exerci-

352 2995 513 3087 tandam,
537 2996 582 3066 ad
621 2996 867 3069 emendandam
897 2997 1134 3072 scholasticam
1157 3000 1252 3074 illius
1273 3025 1324 3073 ae·

352 3121 433 3192 tatis
464 3119 669 3214 theologiam
695 3141 899 3216 omnemque
927 3122 1021 3194 illam
1047 3124 1242 3197 barbariem
1259 3125 1350 3222 pcl'

331 3243 490 3315 -lendam
521 3243 661 3328 efficax,
683 3241 879 3334 sedidem,
903 3257 943 3315 ut
965 3258 1077 3338 antea,
1098 3246 1325 3320 Alexandrino

350 3389 436 3439 vsaevo
449 3371 465 3458 ,'
481 3386 659 3461 germanae
680 3353 922 3462 philosophiae
934 3370 1094 3460 noxium,
1120 3372 1207 3466 quin
1229 3375 1324 3444 etiam
1395 3417 1396 3450 2

354 3489 594 3586 perniciosum.
644 3490 729 3560 Nam
750 3501 790 3560 ut
809 3465 946 3581 scholis,
966 3513 1036 3562 non
1054 3493 1325 3566 vitaehominum

354 3637 394 3684 ao
417 3611 570 3686 moribus
592 3626 664 3684 erat
690 3624 788 3710 apta,
808 3614 855 3683 ita
876 3613 1014 3694 tandem
1035 3617 1071 3685 in
1092 3615 1212 3688 Wolfii
1234 3619 1325 3688 insti-

352 3733 487 3806 tutione
506 3733 707 3808 scholastica
725 3735 812 3808 facta
829 3747 901 3806 tota
916 3747 980 3805 est.

391 4004 426 4074 (Ἴ
441 4005 533 4059 ultra.
550 4007 615 4057 mar.
632 4023 656 4074 p.
672 4007 723 4090 hed
741 4005 784 4056 td.
802 4003 861 4056 Cur.
875 3991 935 4071 ’μί-Η
956 4007 1027 4056 llr'rc.
1041 4023 1087 4055 sur
1103 4009 1129 4056 lo
1146 4007 1223 4059 naht.
1235 4027 1259 4074 p.
1270 4009 1325 4059 tta.
