2828 5098
729 464 943 538 ..130-

351 667 471 740 tabilaa
506 689 575 739 non
606 663 781 741 sufficere:
815 681 978 758 quaerore
1009 687 1090 738 cum
1120 675 1329 760 propterea,

350 789 443 885 quod
466 801 622 874 constans
645 789 690 860 sit
712 801 747 860 et
769 785 958 874 aeternum,
987 788 1121 876 Quibus
1146 789 1328 884 expositis,

349 912 463 984 divina
495 913 640 1003 mdiu,
668 911 752 984 haec
775 911 938 1002 demum,
961 913 1032 1003 ait,
1054 937 1076 984 o
1097 914 1273 1003 Socrates,
1296 914 1327 984 si

349 1061 418 1132 qua
439 1038 527 1127 alia,
555 1037 729 1110 verissima
749 1034 877 1114 bomini
902 1036 972 1106 vita
995 1047 1047 1108 ost
1069 1034 1083 1132 (
1106 1033 1132 1132 ).

399 1159 457 1233 Fst
492 1158 575 1232 haec
599 1159 735 1254 pulcri,
759 1159 910 1252 itemque
929 1157 1013 1230 boni
1029 1158 1186 1253 justique
1206 1171 1243 1230 et
1269 1160 1325 1232 di·
1409 1253 1410 1256 Ἴ

349 1283 419 1355 vini
443 1281 679 1378 philosophia,
704 1305 809 1376 quam
832 1280 929 1375 Plato
947 1293 987 1352 ut
1009 1281 1151 1354 sublimi
1171 1284 1325 1356 oratione
1409 1351 1410 1380 ÷

350 1406 386 1476 in
410 1405 656 1482 venustissimis
681 1403 956 1498 gravissimisque
976 1405 1114 1500 scriptis
1132 1405 1324 1500 explicuit,
1408 1478 1409 1486 χ

349 1529 397 1600 ita
424 1513 505 1600 data
532 1530 636 1624 opera
659 1551 679 1598 a
700 1526 930 1624 sophistarum
952 1527 1224 1602 cavillationibus
1250 1531 1323 1602 vin·
1408 1567 1409 1588 ι

349 1651 498 1740 dicavit3
525 1663 736 1748 'quapropter
766 1651 874 1747 ipsius
900 1649 1024 1722 vindex
1057 1663 1092 1722 ct
1118 1663 1227 1724 stator
1245 1677 1323 1724 vem
1407 1674 1408 1678 ’

289 1835 293 1845 .
349 1775 486 1848 nomine
521 1773 687 1847 dicendus
707 1772 856 1846 videtur.
902 1771 945 1884 ln
968 1771 1124 1866 dialogo,
1144 1775 1205 1868 qui
1229 1773 1324 1848 Gor·

297 1933 298 1938 ,
346 1902 436 1996 gaas
454 1898 673 1988 inscribitur,
695 1897 869 1970 Socratem
893 1895 938 1966 ab
962 1895 1037 1990 ipso
1047 1895 1171 1988 Gorgia
1181 1897 1326 1992 aliisque

351 2023 488 2096 irrisum
508 2020 660 2109 inducit,
683 2020 814 2114 quippe
835 2018 914 2112 qui,
938 2030 1115 2090 accusatus
1135 2043 1248 2092 coram
1266 2023 1324 2114 ju·
1407 2011 1408 2028 ³

349 2141 509 2229 dicibus,
533 2141 695 2236 expedire
716 2165 754 2212 se
771 2163 812 2212 cx
830 2140 924 2210 bisce
944 2139 1109 2212 molestiis
1129 2164 1169 2214 ac
1190 2143 1324 2237 pericu-

352 2263 394 2333 lis
420 2276 494 2335 arta
519 2262 657 2336 dicendi
687 2285 757 2334 non
777 2273 910 2358 posset:
931 2285 1022 2356 quaa
1050 2275 1090 2334 ut
1111 2263 1245 2336 audivit
1266 2265 1325 2335 So·

352 2398 482 2476 crates,
516 2384 599 2462 baec
630 2407 710 2459 eum
740 2384 913 2458 dicentem
943 2383 1036 2458 facit.
1086 2384 1157 2479 Ego
1177 2409 1258 2459 vero
1278 2388 1327 2456 ti-

352 2511 412 2599 bi,
444 2511 515 2600 ait,
543 2511 711 2604 ignaviam
741 2508 932 2606 exprobro,
960 2487 991 2580 si
1021 2507 1162 2603 quidem
1192 2510 1328 2583 tibimet

352 2635 426 2730 ipsc
461 2656 530 2706 noa
564 2655 638 2704 esse
659 2643 796 2728 praesto
814 2631 987 2726 potueris,
1011 2653 1121 2726 quum
1142 2630 1329 2726 posthanc

352 2758 459 2832 vium
480 2765 631 2828 nostram
648 2754 820 2849 judicium
836 2754 978 2826 instabit
989 2767 1024 2824 ct
1035 2753 1329 2848 dijudicatio3sed

351 2879 490 2950 veniens
510 2887 551 2948 tu
573 2875 618 2946 ad
632 2874 800 2970 judicem,
823 2873 973 2970 Aeginae
998 2875 1328 2971 filium‚pustquam

351 3000 411 3074 ille
433 3011 469 3072 te
490 3001 526 3070 in
540 3003 599 3094 jus
613 3000 778 3094 rapuerit,
799 3000 958 3073 oscitabis
981 3023 1021 3072 ac
1040 2999 1212 3102 laborabis
1224 3002 1326 3072 verti·

387 4010 423 4081 p)
443 4013 527 4077 synp
547 4011 595 4059 an
617 4009 651 4058 o.
664 4009 692 4058 a.

1400 2938 1407 3118 l

351 3111 442 3222 pne,
462 3147 532 3198 non
550 3124 663 3196 minus
677 3147 781 3232 quarn
801 3145 864 3218 ego
880 3123 949 3214 blo,
961 3135 1001 3195 tu
1018 3124 1107 3196 illic:
1119 3123 1327 3220 fortasseque
1405 3129 1406 3132 ’

348 3253 429 3344 quis
449 3249 515 3321 tibi
532 3247 580 3320 ad
593 3271 767 3320 summum
786 3247 934 3322 dedecus
957 3249 1090 3344 alapam
1116 3247 1327 3344 infligetom·

350 3373 456 3466 nique
485 3369 691 3446 contumelia
710 3371 853 3444 xnffidat.
902 3371 1132 3461 Quamobrcm
1152 3373 1327 3445 considero

293 3499 296 3506 ’
351 3493 530 3588 equidem,
547 3491 633 3574 ’ὅπως
648 3491 892 3589 ἀποφανοῦμαι
913 3495 962 3592 τῷ
982 3498 1076 3591 κριτῇ
1096 3495 1137 3575 ὥς
1155 3491 1328 3594 ὑγιεςάτην

220 3677 223 3683 .
351 3616 443 3715 ἔχων
465 3617 520 3706 vlu
539 3613 671 3716 ψυχήν.
710 3619 832 3714 Χαίρω
856 3608 909 3692 οὖν
931 3613 1036 3698 tara
1058 3616 1122 3698 vola
1145 3617 1250 3726 riphe
1266 3615 1330 3697 stc

346 3743 415 3814 ’τῶν
440 3743 573 3819 πολλῶν
605 3736 795 3837 ἀνθρώπων,
825 3740 881 3829 τὴν
904 3735 1056 3829 ἀλάθειαν
1074 3744 1229 3832 nardo,
1257 3767 1330 3814 τει-

1404 3415 1407 3528 l
