2824 5084
498 497 717 568 -251-

123 685 297 760 vehendae
319 687 429 759 artiori
455 689 539 760 Nam
560 703 598 760 ut
620 689 749 784 fingere
767 690 940 786 superiore
957 693 1092 766 saeculo

121 811 351 884 conditionem
386 810 564 886 bominum
598 805 753 886 solebant
787 817 928 906 maj0rcs
962 821 1092 908 noctu,

119 933 231 1028 qualis
264 951 456 1028 nunquam
476 933 604 1024 suerat,
622 932 680 1004 'ita
710 959 804 1006 nunc
834 947 983 1006 nostram
1007 961 1092 1028 uos,

119 1056 229 1151 qualis
251 1068 323 1146 est,
352 1056 581 1130 conditionem
599 1057 781 1130 emendare
803 1071 908 1154 atque
925 1059 970 1130 ad
990 1061 1093 1132 uber-

120 1182 245 1250 rimum
264 1179 434 1253 felicitatis
459 1179 622 1271 fructum,
645 1181 758 1292 quoad
770 1185 843 1276 ejus
861 1181 935 1252 fieri
957 1195 1092 1279 potest,

82 1332 84 1336 ’
119 1302 284 1398 perficere
306 1327 477 1374 conamur.
529 1303 605 1392 Quo
632 1305 815 1399 praecipua
837 1303 977 1376 consilio
999 1296 1104 1376 iusti·¹
1156 1292 1171 1305 ’

119 1425 288 1498 tutionem
303 1428 495 1519 juventutis
516 1425 708 1520 publicam,
731 1425 878 1498 fulcrum
902 1425 990 1497 illud
1007 1427 1092 1500 ciri·
1172 1481 1176 1492 s

119 1559 229 1618 tatum
262 1549 519 1640 firmissimum,
552 1549 664 1620 ubivis
694 1549 872 1620 studemus
893 1549 1090 1644 provehere.

117 1671 208 1744 Haec
241 1673 345 1766 igitur
373 1674 492 1746 aetatis
524 1685 658 1744 nostrae
678 1672 792 1748 studia
805 1725 818 1762 ,A
840 1684 909 1744 tam
934 1674 1003 1746 late
1031 1698 1091 1769 pa-

117 1794 224 1867 tentia
249 1805 284 1864 at
304 1795 511 1867 verissimam
538 1797 727 1890 spectantia
748 1795 969 1868 humanitatis
995 1822 1093 1870 caus-

116 1941 211 2008 sam,
235 1943 304 2012 quo
328 1919 467 1992 tandem
486 1919 589 1996 modo
611 1921 777 1992 contineri
796 1920 1013 1994 eclecticismi
1033 1943 1092 1993 uc·

116 2041 209 2115 mino
231 2040 401 2136 possunt?
418 2044 587 2116 Socratica
605 2042 750 2116 dicenda
773 2044 900 2140 potius,
921 2066 1092 2138 quamac-

116 2163 235 2239 lectica
256 2164 429 2242 ridentur.
480 2165 564 2240 Nam
584 2165 760 2254 Socrates,
788 2177 826 2238 ut
854 2167 1092 2255 meminimus,

116 2299 276 2378 rogatus,
300 2291 447 2385 quatem
472 2311 508 2356 se
528 2289 671 2373 diceret,
695 2292 923 2380 orontianum,
945 2313 1092 2385 respou-

115 2409 231 2481 debat.
280 2407 337 2496 ld,
363 2408 392 2476 si
417 2405 502 2500 quid
525 2406 641 2494 aliud,
666 2420 741 2494 est,
767 2432 836 2500 quo
859 2411 987 2480 saeculi
1012 2437 1093 2483 nos-

115 2531 160 2599 tri
196 2527 412 2624 philosophia
457 2527 580 2598 tendit.
643 2526 816 2601 Habemus
850 2531 995 2619 iccirco,
1030 2557 1092 2603 cur

115 2655 230 2749 aptius
253 2676 453 2748 quaeramus
471 2653 594 2724 rationi
617 2663 763 2741 uestrae,
787 2655 1090 2747 quam'cclacticis-

116 2803 194 2850 mos
214 2785 288 2866 ast,
308 2798 444 2850 nornen.
495 2775 579 2844 Nam
593 2774 767 2878 ,Socratica
788 2776 871 2846 item
890 2774 1071 2871 disciplina
1079 2831 1109 2873 „

116 2899 270 2994 quamvis
295 2923 364 2971 una
389 2898 539 2970 omnium
564 2899 711 2974 maxime
735 2897 779 2968 ad
803 2899 936 2972 cultum
964 2885 1092 2995 ipsam-

116 3045 184 3117 que
203 2997 404 3118 sapientiam
423 3021 541 3109 ducat,
566 3023 724 3116 quamvis
743 3021 827 3094 illuc
849 3024 1023 3118 aptissime
1040 3047 1090 3094 ar·

116 3146 203 3236 tium
237 3145 536 3238 doctrinarumque
568 3143 682 3216 studia
705 3143 888 3234 adhibeat,
910 3145 1010 3216 uobis
1032 3157 1090 3216 ta-

116 3291 194 3340 mcn
213 3267 265 3338 his
286 3267 498 3362 temporibus
521 3291 591 3338 non
612 3267 749 3338 sufficit.
799 3267 945 3356 Etenim,
967 3251 1012 3340 ue
1033 3268 1088 3340 di-

115 3414 190 3462 cam
211 3389 256 3460 de
282 3370 536 3484 progressibus,
560 3411 645 3483 quos
663 3412 686 3458 a
708 3389 853 3461 Socratis
877 3389 957 3460 inde
978 3403 1089 3463 aetate

117 3513 151 3580 in
186 3510 423 3607 philosophia,
458 3524 532 3586 tum
565 3535 644 3582 vero
667 3511 770 3584 etiam
793 3513 828 3584 in
849 3501 989 3584 historia
1010 3538 1089 3586 cum

115 3634 269 3728 gentium
287 3647 362 3706 tum
386 3635 606 3706 humanitatis
629 3632 792 3722 secunus,
814 3634 957 3718 aliaest
981 3639 1088 3708 uestri

1 3787 19 3824 κ
70 3782 73 3784 ·
116 3757 262 3846 saeculi,
283 3783 386 3853 quam
404 3758 564 3830 Socratici
584 3757 673 3848 fuit,
694 3755 853 3828 conditio.
878 3747 1088 3831 Nourelerre
1176 3813 1181 3817 .

114 3905 175 3951 nos
210 3879 344 3952 cultum
376 3893 410 3955 et
443 3880 686 3953 bmuanitatem
715 3881 758 3952 ad
777 3885 965 3954 mactatam
988 3881 1089 3950 unice

115 4001 279 4075 solemus:
305 4027 374 4074 nou
401 4008 496 4074 cives
520 4028 580 4074 nos
603 4015 734 4074 nostros
755 3993 906 4076 excolere
927 4003 1088 4092 nitimur,
