2828 5098
721 453 941 526 „160-

349 658 530 754 losophum
561 657 705 728 rhetori
742 681 812 728 ron
842 680 916 726 esse
950 653 1149 752 argaitum)
1183 659 1247 753 qai
1274 661 1315 728 ab

345 783 440 878 ipsis
464 780 717 876 philosophie,
735 823 739 830 ·
749 789 905 876 praeter
938 777 1126 850 admodum
1161 803 1316 874 paucos,

345 908 547 1002 ignoretur.
601 903 734 998 Quibus
765 929 803 975 eo
832 905 950 972 mirus
971 901 1225 998 ignoscendum
1248 913 1313 982 eat,
1397 910 1401 965 !

345 1029 438 1124 quod
455 1053 525 1100 reon
546 1029 646 1098 modo
668 1029 773 1098 rebus
795 1029 863 1116 iis,
887 1051 974 1123 quae
994 1028 1039 1096 ab
1060 1027 1126 1096 illo
1148 1025 1267 1097 dietae
1281 1036 1314 1098 et
1397 1038 1402 1118 Ι

345 1153 510 1223 inventae
532 1142 759 1231 sant,‘allioi
780 1151 985 1239 debuerunt,
1009 1150 1073 1218 sed
1082 1150 1311 1246 dicendique

344 1299 410 1371 qao
439 1273 649 1344 incredibili
681 1272 836 1370 quadam
868 1274 1090 1367 eamcopio,
1113 1275 1312 1368 tumeliam
1401 1271 1402 1356 ξ

344 1399 520 1468 saturitate
546 1395 560 1492 (
582 1392 608 1489 ).
685 1439 687 1443 -

369 1499 385 1538 ο
743 1539 910 1568 -ῴν

681 1750 966 1824 ARISTOTELES

619 1949 798 1997 HISTORIGUS
822 1951 860 1996 ET
884 1949 1033 1996 calmetis,

384 2125 455 2194 Hac
489 2121 688 2194 Aristoteles
724 2125 853 2193 ratione
887 2125 1087 2196 instauravit
1119 2124 1306 2198 doctrinas:
1399 2167 1400 2184 2

336 2257 372 2314 et
394 2245 463 2316 dici
485 2247 541 2315 vix
569 2257 700 2342 potest,
736 2258 944 2342 quantopere
966 2247 1004 2318 id
1024 2247 1210 2320 factitando
1235 2253 1307 2320 hio-

339 2372 453 2440 toriae
474 2369 558 2439 item
580 2370 771 2464 provexerit
786 2369 910 2440 studia.
924 2369 1077 2466 ,Scripsit
1089 2396 1191 2469 opus,
1211 2373 1307 2446 nohis

336 2491 442 2564 eheu!
468 2495 617 2590 exeeptis
640 2494 722 2565 locis
743 2493 971 2590 quibusdam,
993 2493 1224 2590 deperditum,
1248 2471 1328 2570 ore·¹
1399 2567 1400 2584 ,

336 2618 365 2714 ρ)
393 2615 583 2706 πολιτειῶν,
608 2618 645 2686 in
667 2641 737 2712 quo
760 2616 897 2706 eadem,
919 2628 958 2686 ut
980 2639 999 2686 e
1022 2617 1215 2712 fragmentis
1237 2619 1309 2690 iilis

335 2731 496 2834 apparet,
521 2737 697 2830 diligentia
718 2749 855 2808 centum
871 2739 1117 2835 quinquaginta
1135 2752 1208 2810 octa
1219 2741 1306 2811 civi·

334 2871 457 2949 tatum,
481 2903 527 2918 -
548 2860 585 2928 in
603 2859 730 2954 quibus
750 2859 835 2931 adeo
858 2861 976 2952 Roma,
998 2861 1035 2932 id
1055 2863 1214 2960 temporis
1227 2863 1307 2934 obs-

335 2971 418 3053 eura
441 2983 477 3052 in
498 2979 658 3072 historia,
682 3004 762 3052 eum
785 3005 853 3054 non
863 2982 965 3054 latuit
976 2981 1051 3080 (†)‚
1071 3025 1117 3049 μ-
1131 2997 1183 3056 tot
1201 2985 1308 3080 igitur

334 3106 511 3177 civitatum
534 3104 625 3198 leges
637 3115 652 3194 ,'
671 3102 814 3195 formas,
837 3106 993 3176 instituta
1013 3105 1216 3208 descripsit,
1240 3134 1307 3206 qua
1399 3087 1400 3090 Ἴ

334 3229 370 3297 in
398 3226 547 3323 physicis
579 3227 740 3322 operibus
769 3227 904 3322 singula
935 3228 1152 3330 plantarum,
1178 3235 1307 3305 anima-

334 3349 438 3440 lium,
463 3350 640 3423 hominum
663 3375 784 3446 genera
808 3363 1006 3446 persecutus
1023 3365 1115 3426 erat.

381 3475 451 3558 Nec
489 3473 611 3546 studiis
651 3475 711 3546 ille
741 3487 875 3546 tantum
908 3477 1103 3568 consuluit,
1125 3502 1226 3577 ,quae
1263 3480 1310 3550 ad

330 3598 492 3691 gerotium
510 3596 683 3671 historiam
707 3600 927 3696 pertinerent.
978 3599 1111 3672 Primus
1134 3600 1224 3693 fuit,
1245 3607 1310 3698 qui
1399 3557 1405 3644 i

333 3713 413 3786 data
440 3739 541 3812 opera
571 3718 745 3792 historiam
777 3717 1012 3816 philosophiae
1042 3724 1226 3814 traderet,
1249 3748 1311 3800 ex-

367 3981 404 4054 p)
424 3987 480 4050 Tap.
499 3985 519 4036 1.
607 3985 646 4054 (†)
664 3989 692 4038 V.
711 3977 864 4058 Haerenpde
875 3994 994 4055 fontibus
1009 3989 1078 4045 Prot.
1098 4012 1120 4060 p.
1142 3998 1201 4052 11⁰.
