2828 5098
689 465 975 576 *no-L

315 709 531 805 aggreditur:
566 719 641 777 tum
674 708 765 777 enim
790 727 929 800 prorsus
962 705 1016 772 sui
1044 700 1217 772 dissimilis
1240 714 1296 772 est

316 848 350 906 et
372 830 653 928 philosophorum
674 830 875 923 dignitatem
894 827 1064 899 obscurat.
1115 823 1198 896 Mihi
1219 847 1296 894 sae-

317 981 362 1053 pe
377 955 430 1026 'de
450 956 553 1050 huJus
576 955 785 1026 orationibus
808 953 844 1022 in
866 963 1016 1022 mentem
1044 949 1139 1019 venit
1165 948 1294 1036 dicere,

317 1079 410 1176 quod
430 1079 524 1176 opud
546 1077 731 1150 Homerum
750 1075 888 1172 Jupiter
908 1074 952 1146 ad
972 1073 1152 1146 Venerem:

340 1254 394 1327 Οὔ
414 1279 485 1342 τοι,
507 1252 616 1324 τέκνον
636 1246 732 1343 ἐμὸν,
752 1244 885 1323 δέδοται
908 1244 1075 1342 πολεμήϊα
1096 1249 1190 1344 ἔργα·

339 1375 449 1452 ’aare
466 1363 565 1472 εὖγ’
587 1372 754 1470 ἱμερόεντα
775 1371 941 1470 μετέρχεο
958 1371 1042 1470 ’ἔργα
1059 1367 1186 1468 γάμοιο
1201 1367 1295 1466 (*).''

364 1573 419 1644 Sic
449 1571 642 1668 Dionysius.
691 1569 854 1671 Similiter
872 1581 1027 1640 veterum
1047 1568 1295 1640 recentiorum-

314 1716 382 1790 que
414 1695 533 1785 multi,
567 1696 627 1790 qui
654 1694 858 1789 elegantiam
879 1694 1097 1788 nativamque
1119 1691 1294 1788 pulcritu-
1406 1757 1408 1798 i

313 1817 430 1888 dinem
471 1818 719 1890 admirarentur
759 1819 971 1912 dialogomm
1017 1813 1292 1907 Platonicorum,
1407 1799 1408 1832 ³

313 1942 374 2014 scd
408 1944 444 2012 in
477 1942 599 2013 iisdem
633 1943 703 2012 vim
735 1955 770 2012 et
800 1943 999 2036 gravitatem
1031 1940 1290 2030 desiderarent,
1407 2003 1408 2022 ,

313 2065 464 2137 flosculis
498 2065 598 2135 illum
633 2065 776 2159 politicis
801 2066 987 2136 orationem
1015 2087 1151 2135 ornasse
1173 2063 1293 2134 dicen-v
1406 2098 1407 2109 κ

313 2200 376 2258 tes.
427 2188 466 2258 In
487 2185 552 2257 hac
573 2198 688 2257 antem
709 2188 957 2258 sententiarum
979 2186 1191 2277 diversitate,
1203 2185 1290 2282 quid

218 2323 221 2330 '
313 2331 374 2380 nos
397 2308 537 2379 tandem
557 2309 602 2379 de
623 2309 832 2402 nobilissima
853 2313 972 2382 caussa
989 2307 1250 2406 Judicabimns‘?

361 2433 511 2527 Nempe,
537 2433 632 2528 quod
665 2435 815 2529 primum
846 2446 898 2505 est
927 2434 1138 2524 tenendum,
1165 2434 1287 2505 mimo-

311 2578 389 2628 rum
420 2554 684 2652 dramatumque
716 2557 998 2652 philosophorum
1025 2557 1172 2652 scriptor
1192 2555 1290 2625 Plato

312 2680 396 2772 fuit,
429 2703 499 2750 non
526 2681 729 2751 orationum.
780 2679 910 2767 Quodsi
944 2681 979 2750 in
1008 2679 1143 2776 scriptis
1169 2677 1287 2749 dicen-

312 2816 383 2873 tem
406 2801 546 2896 publice
568 2802 704 2874 induxit
733 2801 924 2892 Socratem,
950 2801 1035 2872 illue
1057 2806 1131 2896 ejus
1152 2810 1287 2895 specta-

312 2927 371 2996 bat
411 2924 613 3013 consilium,
649 2935 710 3015 ut,
747 2921 1037 3019 quemadmodum
1071 2923 1288 3020 philosophia

219 3033 222 3037 ’
312 3049 382 3118 vim
413 3046 540 3117 habere
570 3049 606 3116 in
636 3047 867 3142 eloquentiam
889 3046 1050 3138 deberet,
1074 3047 1287 3119 demonstra·
1406 3110 1407 3116 ,

313 3183 383 3261 ret,
409 3195 498 3261 non,
531 3182 571 3241 nt
593 3191 672 3242 cum
696 3166 886 3242 oratoribus
908 3169 953 3241 de
975 3171 1191 3266 eloquentiae
1213 3172 1288 3267 pol·
1400 3255 1406 3270 .

312 3317 368 3364 ma
398 3294 637 3366 aemularetur.
696 3291 736 3364 Et
750 3307 753 3313 “
767 3317 866 3383 sane,
898 3305 938 3364 ut
960 3317 1064 3392 supra
1083 3293 1288 3387 significavi·

312 3441 409 3507 mus,
455 3418 558 3488 refert
599 3417 714 3512 plane
743 3416 980 3488 Demosthenis
1017 3419 1053 3488 in
1087 3417 1288 3514 Philippicis

313 3541 420 3612 oratio
442 3543 615 3637 propriam
633 3543 821 3614 Socraticae
838 3539 1075 3637 philosophiae
1097 3539 1289 3638 περ’ῥησὶαν,

314 3675 353 3734 ut
384 3687 453 3734 non
475 3664 600 3735 frustra
622 3665 658 3735 id
685 3665 825 3736 molitus
848 3666 892 3736 sit
915 3665 1022 3738 Plato.
1053 3652 1291 3761 ‘Quapropter

312 3812 381 3860 non
404 3789 484 3859 satis
506 3801 586 3884 apte
608 3801 643 3859 et
661 3789 780 3860 durius
799 3789 980 3884 Dionysius
991 3789 1234 3885 pronunciasse
1244 3787 1290 3857 de

324 3967 335 3972 ..
338 3965 563 3974 ..n-..m-

346 4055 379 4122 (Ἴ
397 4055 433 4106 ld.
452 4055 505 4108 eod.
520 4059 563 4108 23,
581 4055 618 4106 cl.
636 4057 685 4120 Ep.
702 4057 736 4108 od
754 4059 838 4122 Pomp.
856 4075 877 4109 a.
895 4061 920 4106 Β.
