2828 5098
731 477 916 550 ..98-

385 682 431 751 Ut
451 693 544 751 recte
560 679 659 750 nohis
680 679 781 750 liceat
800 677 846 747 de
865 674 1081 773 philosophia
1091 675 1242 746 Platonis
1257 680 1314 770 ju·

335 804 461 894 dicare,
480 801 731 899 praemittenda
737 799 871 896 jndicio
881 797 1075 894 disquisitio
1091 810 1143 869 est
1153 797 1198 869 de
1208 800 1315 895 scrip·

335 929 380 997 tis
401 927 475 996 riri.
512 925 604 997 Haec
621 937 750 996 temere
768 923 993 1018 neglexerunt
1009 921 1207 1018 philosophi
1228 921 1314 1014 fere,

335 1049 386 1120 illi
407 1051 571 1141 maxime,
594 1049 675 1145 qui,
698 1072 768 1144 quo
790 1048 896 1141 magis
922 1070 984 1118 sua
1006 1045 1192 1140 probarent
1214 1071 1315 1118 corn—

334 1172 604 1266 mendarentque
626 1170 774 1266 placita,
792 1169 942 1241 Platonis
971 1168 1206 1264 adhibuerant
1237 1193 1314 1240 aue-

334 1297 616 1389 toritatcm:·quo
638 1291 785 1383 laetum,
808 1305 848 1362 nt
867 1291 960 1364 haud
983 1290 1083 1362 facile
1106 1291 1211 1362 tuerit
1241 1292 1314 1364 ullo

334 1429 489 1512 tempore
517 1413 766 1511 philosophus,
798 1417 896 1508 cujus
931 1415 1137 1506 sententiae,
1173 1415 1240 1505 ita,
1275 1427 1314 1486 nt

333 1540 505 1628 Platonis,
527 1537 571 1608 ad
594 1537 805 1632 ineptissima
827 1559 984 1631 quaeque
1015 1551 1207 1608 commenta
1230 1562 1313 1610 eon-

333 1660 501 1733 firrnanda
533 1671 717 1755 usurpatae
747 1659 826 1730 sint.
884 1658 1112 1747 Quamobrem
1142 1661 1313 1756 praeclare

332 1784 485 1882 profecto
506 1783 551 1854 de
572 1782 697 1853 litteris
720 1794 756 1852 et
785 1781 1002 1879 philosophia
1025 1785 1167 1856 meritus
1191 1785 1314 1858 Ruhn-

126 1928 129 1936 ’
201 1928 204 1932 ·
332 1905 455 1978 hanins
485 1917 550 1976 est.
596 1905 681 1977 Nam
715 1905 886 1978 Platonis
916 1911 1166 2004 cognitionem,
1199 1921 1237 1979 ut
1264 1911 1312 1980 ait

332 2027 637 2127 Wyttenbachins,
674 2055 779 2126 quum
808 2033 924 2125 pauci
959 2032 1076 2102 adhuc
1104 2036 1314 2128 attigissent

335 2155 481 2225 literati
504 2176 648 2248 eamque
671 2157 781 2249 fere,
807 2163 847 2222 ut
871 2179 1022 2224 ramam
1052 2161 1313 2252 possessionem

334 2285 369 2347 et
379 2275 614 2374 philosophis
630 2275 877 2372 relinquerent
898 2285 933 2374 et
954 2279 1049 2374 c'psis
1070 2305 1149 2350 eam
1168 2305 1247 2350 cum
1259 2284 1313 2351 in·
1401 2363 1402 2370 p

276 2379 280 2390 l
321 2403 542 2496 frequenter
564 2397 775 2478 colentibus,
811 2408 886 2470 tam
908 2400 1146 2473 illiberaliter
1167 2413 1203 2473 et
1227 2403 1311 2498 infi-

335 2531 407 2594 oete
429 2547 473 2591 ac
494 2525 572 2592 sine
587 2519 815 2593 Graecarum
836 2525 987 2593 scicntia
1001 2525 1197 2596 literarum
1220 2536 1313 2597 trac·

336 2649 510 2728 tontibus,
530 2655 570 2717 ut
582 2649 743 2718 auctoris
755 2652 968 2717 sententiam
985 2649 1036 2718 ad
1051 2651 1314 2746 ineptissimum

336 2773 492 2867 quodque
515 2780 746 2842 commentum
767 2771 1020 2869 detorquerent
1041 2783 1076 2843 et
1096 2799 1119 2843 a
1138 2799 1314 2871 germano

336 2895 420 2963 ocri
436 2893 631 2988 pulcrique
651 2917 755 2964 seusu
777 2893 827 2963 ad
848 2895 1082 2966 scholasticas
1105 2921 1221 2993 nugas
1234 2921 1314 2968 con-

337 3023 541 3086 verterent:
565 3013 801 3085 Ruhnkcnius
819 3017 870 3086 ad
889 3043 1014 3088 aeram
1032 3024 1314 3115 grammaticam

337 3141 692 3235 interpretationem,
714 3139 828 3209 solam
850 3150 970 3211 certae
987 3144 1313 3242 intelligentioeff·

339 3263 540 3343 factricem,
560 3262 709 3356 primns
732 3269 766 3331 et
788 3264 933 3359 signnm
965 3267 1128 3351 sustulit,
1161 3277 1197 3338 ct
1218 3271 1313 3338 aiam

334 3387 521 3480 patefecit,
546 3387 835 3482 patefactumque
864 3387 1082 3482 illustrarit,
1105 3392 1202 3463 edito
1235 3418 1313 3464 cru·

341 3507 599 3604 ditissimisqne
621 3513 888 3580 commentariis
919 3523 1046 3585 ornato
1077 3515 1313 3613 cuplicitoque

341 3737 397 3807 nqt
409 3704 466 3789 tric.
484 3699 547 3791 Anni
569 3703 830 3807 traj.lea1-1eae.
865 3743 890 3794 J.
907 3742 936 3793 de
954 3743 1052 3812 valler,
1070 3743 1143 3796 Dict.
1161 3749 1190 3796 in
1207 3750 1317 3799 Suaratt-

342 3847 396 3883 can
420 3832 578 3902 ἐπαγωγὴν,
600 3835 749 3900 procreem
771 3851 784 3885 a
805 3837 974 3905 Xenophontis
991 3837 1314 3910 Mmcrcttatmpdmnm

341 3925 404 3991 Traj.
422 3923 452 3974 ad
468 3924 513 3975 lth.
532 3927 609 3979 1882.
626 3928 650 3979 J.
667 3927 695 3980 C.
712 3928 791 3980 llralon
808 3928 921 3996 sshyhcn,
940 3928 1013 3982 aaa.
1025 3933 1057 3982 *tn
1072 3933 1187 3984 Socratis
1199 3935 1313 3986 ironicas.

341 4015 427 4082 hut.
446 4017 522 4068 18³8.
