2828 5098
477 487 672 558 -83-

101 684 311 778 runt,prouti
320 681 547 773 Calchant,
559 683 732 776 Tiresiam,
743 687 879 776 similes,
889 661 968 758 cum
977 711 1062 782 pau-

100 819 224 902 perlate
254 805 422 876 referebat
443 807 606 897 Socrates,
624 820 701 879 tum
725 831 832 903 opum
853 807 1062 882 (livitiarum-

100 952 162 1023 que
192 941 379 1018 contemtu,
408 941 483 1000 tum
500 953 634 1000 morum
658 931 875 1026 simplicitate
897 943 933 1000 et
956 935 1063 1002 conti-

98 1051 223 1140 nentia,
246 1063 320 1121 tum
337 1051 440 1121 etiam
466 1050 634 1122 daemonii
659 1053 712 1124 sui
729 1052 922 1148 [tepenter
943 1055 1066 1124 menti·
1094 1119 1097 1128 .

97 1197 161 1244 one
190 1173 450 1264 faciendarum
467 1199 547 1247 vero
569 1181 721 1248 omnium
744 1179 888 1250 maxime
904 1176 1067 1275 aap’p‘noiqt

97 1319 275 1391 rerumque
306 1299 576 1392 gravissimarum
605 1323 645 1370 ac
666 1299 859 1372 divinarum
884 1300 1000 1372 studio
1019 1313 1066 1370 at-

98 1443 162 1514 que
191 1419 323 1492 ardore.
373 1419 470 1518 Ego,
503 1421 638 1492 dicebat
658 1422 818 1518 publice,
847 1423 944 1496 Deos
963 1449 1065 1496 reoc-

100 1545 176 1614 rerc‘
206 1547 342 1640 inopis,
375 1569 479 1642 qaam
502 1547 671 1637 tornines,
693 1549 796 1620 soleo.
838 1547 915 1644 ¹Nec
938 1561 1065 1618 temere

99 1663 216 1762 dialogi
234 1678 365 1756 auctor,
385 1667 446 1762 qui
463 1664 659 1764 Glitoplcoa
678 1671 886 1761 inscribitur,
896 1671 1067 1742 Socratem

100 1790 190 1862 nohis
220 1791 401 1886 proponit,
422 1803 585 1886 tanquam
602 1815 623 1862 e
640 1791 794 1864 machina
815 1794 943 1886 tragica
964 1793 1067 1864 deum

99 1910 290 1985 hominibus
312 1917 560 2012 increpantem:
583 1915 641 1989 croi
656 1912 806 2012 φέρεσθε,
832 1913 1000 2012 ovipara,
1013 1915 1070 1988 cal

100 2032 257 2132 ἀγνοεΐτε,
291 2033 382 2113 οὐδὲν
412 2042 474 2112 τῶν
503 2033 635 2114 δεόντων
655 2037 871 2135 πράττοντες,
892 2059 995 2132 quem
1017 2037 1068 2108 lo-

98 2181 173 2230 cum
205 2163 357 2232 certatim
384 2162 557 2251 Socratici,
591 2163 787 2258 posterique
808 2162 947 2232 omnino
965 2161 1069 2256 scrip

98 2294 184 2354 tores
215 2296 251 2354 et
282 2296 451 2372 oratores,
475 2285 540 2354 Dio
571 2261 851 2379 Chrysostomus,
886 2282 1067 2372 Arrianus,

97 2401 276 2494 Aristides,
292 2404 510 2492 Themistius,
531 2405 700 2493 Julianus,
716 2405 790 2498 ipse
807 2408 910 2474 etiam
928 2406 1069 2477 Lactan-

96 2527 167 2596 tius
188 2524 353 2596 imitando
375 2524 587 2596 celebrarunt
607 2523 673 2622 (*):
695 2524 935 2596 Demosthenes
956 2539 1070 2597 autem

97 2673 163 2720 non
202 2648 378 2739 imitando,
417 2648 478 2720 scd
509 2649 572 2720 sua
609 2651 683 2744 ipse
715 2647 862 2740 dicendi,
899 2638 1070 2738 monendi,

98 2771 363 2866 cohortandique
390 2773 536 2860 ratione,
559 2781 720 2866 tanquam
741 2771 826 2840 alter
847 2771 1012 2860 Socrates,
1035 2773 1070 2840 in

100 2895 255 2966 omnihus
287 2893 515 2989 Philippicis
536 2893 710 2988 expressit.
765 2893 851 2965 Nam
871 2893 956 2988 quid
975 2895 1012 2964 in
1035 2895 1070 2964 il-

100 3015 140 3086 lis
171 3016 383 3113 frequentius
412 3028 475 3104 est,
502 3015 587 3117 quid
608 3015 801 3087 dominatm·
816 3016 853 3083 in
873 3015 942 3085 illis
963 3017 1070 3107 magis

98 3141 265 3211 sententia
293 3139 369 3209 illa:
403 3135 479 3213 πότ’
509 3129 580 3228 οὖν,
609 3127 765 3235 otulfo
787 3133 968 3228 Ἀθηναῖοι,
989 3135 1071 3210 πότε

99 3259 124 3336 ἃ
148 3264 217 3362 χρὴ
240 3257 401 3359 apoliote,

70 3383 72 3389 ’
148 3386 216 3456 Sed
249 3387 395 3457 Socratis
428 3407 489 3456 nos
523 3385 625 3454 etiam
658 3383 800 3454 asseclas
825 3395 861 3452 et
891 3393 1071 3454 sectatores

100 3509 390 3610 consideremus„
416 3507 500 3579 Nam
534 3507 586 3578 uti
617 3505 830 3599 cognoscitur
863 3509 936 3600 eJus
960 3502 1074 3599 philo-

101 3631 221 3728 sophia
246 3654 266 3703 e
289 3644 477 3721 sectarum,
494 3617 590 3726 ¹quae
614 3651 656 3699 ex
680 3628 739 3698 illa
763 3638 960 3718 manarunt,
988 3627 1070 3698 doc-

136 3932 172 4002 (*)
201 3936 309 4000 Ollioplr.
333 3934 381 3985 ⁴⁰7
400 3951 424 3984 a·
452 3933 488 3985 Cl.
511 3933 608 4001 wyttb.
631 3934 661 3984 atl
686 3932 776 3986 Julian.
797 3935 867 3986 Bill.
892 3932 957 3982 citt.
978 3929 1024 3980 111.
1049 3931 1071 3982 1.

105 4041 128 4089 p.
150 4029 193 4078 4³.

877 4115 931 4184 6¹!-
