2828 5098
460 481 679 556 -113—

94 683 225 746 secutus
243 651 323 743 eam
354 683 406 742 est
433 683 468 741 et
490 695 588 743 suam
609 673 793 744 orationem
813 671 922 742 alieno
943 671 1054 745 eelore

94 796 241 892 eorrupit
264 795 387 887 magis,
410 818 513 890 quam
533 797 673 866 ornavit.
725 795 798 866 Hoc
818 793 906 866 illud
929 795 1056 866 scilieet

94 930 160 1008 est,
191 915 285 1013 quod
307 929 403 986 vetus
425 916 485 988 ille
505 917 641 991 criticus
663 919 863 1010 emersimus,
887 917 1057 988 Aristote-

92 1039 158 1129 les,
184 1051 344 1132 tanquam
368 1038 489 1108 vitium
513 1041 661 1130 notavit,
681 1043 835 1110 medium
851 1043 1058 1136 seq'ue'inter

85 1169 215 1257 pedena
234 1169 268 1232 et
280 1162 486 1256 pedestrem
507 1167 706 1234 orationem
718 1162 870 1244 ⁴dicendi
887 1187 1014 1258 genus.

138 1283 208 1354 Sed
244 1307 448 1378 quoeunque
481 1283 619 1356 tandem
650 1285 752 1356 modo
777 1285 822 1357 de
846 1287 997 1358 oratione
1021 1309 1061 1356 ac

93 1405 263 1478 scribendi
287 1405 394 1476 forme
418 1405 567 1478 Platonis
586 1407 800 1500 judicemus,
824 1419 956 1480 constat
972 1409 1062 1476 inter

94 1552 227 1620 omnes,
263 1530 393 1602 eximiis
429 1553 465 1598 se
501 1529 596 1600 illam
630 1531 769 1602 dotibus
803 1530 1061 1618 commendare,

94 1677 170 1724 cum
195 1653 288 1742 eliis,
314 1663 389 1724 tum
414 1653 542 1745 gratie,
568 1654 681 1722 native
703 1666 902 1744 venustate,
926 1653 1062 1747 elegen·

94 1777 157 1865 tie,
192 1775 369 1863 ubedam,
405 1771 634 1870 persuadendi
658 1776 692 1842 vi
716 1787 820 1869 atque
844 1775 1063 1862 efficacitate,

95 1910 131 1967 ut
155 1909 262 1987 esset,
288 1921 350 1970 cur
373 1891 510 1968 Veteres
534 1896 706 1987 dicerent,
734 1897 874 1988 Iovem,
895 1903 930 1968 ei
950 1897 1065 1968 Grae·

94 2048 128 2090 ee
150 2025 376 2118 loqueretur,
410 2025 463 2090 sie
489 2022 594 2118 loqui.
645 2019 748 2092 Nobis
771 2032 887 2091 autem
909 2019 965 2090 vel
987 2019 1068 2092 hine

93 2168 163 2214 rem
188 2143 498 2233 considerantibus,
531 2155 627 2239 petet
650 2142 826 2235 dilucide,
856 2143 942 2238 quid
966 2167 1068 2214 caus-

93 2291 146 2338 sae
171 2267 294 2357 suerit,
317 2281 357 2338 ut
379 2292 447 2340 una
469 2291 548 2338 eum
571 2267 721 2338 oratione
735 2267 951 2363 philosophia
966 2268 1068 2338 etiem

93 2389 245 2460 Platonis
277 2391 314 2458 in
344 2388 554 2458 saeculorum
587 2387 734 2458 decursu
763 2389 860 2458 nullo
884 2413 953 2458 non
977 2401 1070 2460 tem-

92 2537 179 2609 pore
203 2512 343 2592 summis
366 2511 410 2590 sit
427 2509 587 2582 leudibus
610 2509 790 2579 celebrate.
842 2507 871 2578 Α
893 2508 998 2580 forma
1020 2512 1070 2580 vi-

94 2635 221 2706 delicet
261 2632 403 2704 mirifice
447 2631 771 2705 commendationem
811 2629 935 2719 habet3
966 2629 1071 2702 sonna

94 2773 210 2830 autem.
243 2756 411 2852 eJ'usmodi
444 2768 516 2844 est,
548 2767 587 2826 ut
620 2779 691 2826 non
719 2753 831 2826 solum
858 2751 1071 2849 disceptandi

50 2891 54 2900 “
95 2880 308 2970 subtilitate,
340 2876 477 2952 dicendi
501 2878 596 2971 copie
618 2889 654 2948 et
677 2877 863 2966 suavitate,
888 2875 949 2948 sed
970 2900 1070 2948 sum-

95 3026 152 3072 ma
187 3004 290 3074 etiam
322 3001 480 3073 orditionis
517 2999 748 3090 sublimitate,
782 3001 917 3095 poetice
950 2999 1011 3071 ille
1036 3011 1070 3070 et

96 3125 205 3200 ferme
229 3126 344 3197 divine
370 3125 508 3218 insignis
531 3125 586 3194 sit.

512 3479 657 3512 -o--e
