2836 5080
725 457 908 528 ...42-

332 662 391 726 τνῦ
424 651 547 728 δικαίου
574 651 662 750 ᾤμην
689 652 820 746 μᾶλλόν
846 679 891 747 με
911 647 977 727 dein
1000 647 1258 742 drmdurederr,
1285 650 1304 742 il

332 773 405 870 μεθ’
426 765 510 869 ὑμῶν
529 771 700 872 γενέσθαι,
719 775 765 870 μὲν
785 772 895 850 δίκαιον
912 773 1168 868 βουλευομένων,
1190 763 1304 868 φοβή·
1404 783 1405 822 r

332 895 427 973 θέντα
459 893 579 991 δέσμην
608 894 628 988 ἢ
671 893 808 972 θάνατον
840 896 929 994 (*).’'
983 895 1113 966 Pariter
1144 896 1304 966 invictam

329 1019 553 1092 oomtantiam
582 1019 710 1090 civitati
743 1019 899 1113 probavit
929 1018 982 1088 vir
1012 1017 1164 1112 prudens
1187 1027 1222 1086 et
1249 1039 1304 1086 sa-

330 1143 446 1236 piens,
478 1165 587 1236 quum
608 1163 724 1212 omnes
746 1141 863 1210 insano
890 1138 961 1210 fere
976 1137 1116 1228 frume,
1140 1149 1180 1208 ut
1201 1137 1304 1208 susei-

330 1275 470 1360 peretur
491 1264 529 1332 in
548 1261 696 1334 Siciliam
717 1261 905 1358 expeditio,
938 1273 1110 1353 urgerent.
1160 1259 1227 1332 Hie
1248 1259 1305 1329 ‹le-

330 1411 401 1458 nuo
422 1387 573 1456 Socrates
595 1385 659 1456 toti
679 1382 785 1454 ferme
809 1381 940 1477 populo
959 1383 1086 1454 restitit
1113 1405 1154 1452 ae
1176 1381 1305 1452 dissua-

329 1509 375 1580 sit
397 1507 658 1602 expeditionem.
685 1503 931 1595 »Alcibiadem
954 1517 1067 1576 narrat
1088 1503 1306 1594 Plutarchus,

330 1629 570 1724 Carthaginem
601 1630 772 1701 somnians
803 1640 839 1698 et
868 1627 1035 1718 Africam,
1066 1626 1147 1698 dein
1181 1624 1307 1698 harum

327 1753 520 1826 aoeessione
539 1751 671 1824 ltaliam
687 1763 723 1822 et
740 1749 1014 1846 Peloponnesum
1025 1741 1099 1846 jam
1115 1749 1307 1843 amplexus,

330 1888 465 1948 tantum
484 1899 556 1948 non
576 1870 696 1968 ἐφόδια
717 1881 777 1946 τοῦ
798 1873 947 1966 πολέμου
970 1871 1119 1944 Siciliam
1137 1870 1308 1957 ducebat,

330 2021 370 2072 ae
401 2003 620 2094 juventutem
643 1997 773 2068 ¹hahuit
803 1997 919 2066 statim
936 1996 1000 2068 ‘sud
1017 2006 1148 2090 ‘sponte
1169 2017 1232 2090 spe
1252 2018 1308 2064 ar·

332 2134 476 2192 rectam:
497 2143 594 2190 senes
612 2121 661 2192 sie
681 2117 866 2190 audiebant
887 2119 972 2191 mira
995 2118 1040 2188 de
1061 2119 1103 2188 ea
1123 2116 1309 2212 expeditio-

332 2265 377 2314 ne
408 2252 654 2330 memorantes,
689 2238 774 2310 adeo
807 2251 847 2310 ut
879 2239 982 2310 multi
1006 2241 1043 2308 in
1071 2239 1248 2334 palaestris
1269 2262 1310 2310 ae

331 2363 467 2436 circulis
499 2361 675 2452 sedentes,
701 2360 847 2455 figuram
876 2360 1024 2456 insulae,
1045 2362 1151 2433 situm
1177 2359 1310 2434 Africae

331 2498 367 2556 et
399 2483 610 2579 Carthaginis
645 2483 881 2579 depingerent.
931 2479 1090 2580 Σωκράτη
1116 2484 1230 2577 μέντοι
1254 2483 1310 2556 τὸν

330 2608 519 2703 φιλόσοφον
546 2603 636 2680 addit
660 2601 794 2678 ἓλπὶσνιν
815 2606 858 2700 τῇ
880 2603 974 2678 πόλει
998 2604 1121 2704 χρνςδν
1148 2601 1227 2678 tert·
1247 2606 1310 2688 τῆς

329 2729 480 2826 §patefac
505 2725 620 2812 ἐκείνης
638 2728 778 2825 λέγουσι
789 2725 888 2824 (†).’'
916 2728 986 2800 Nee
1009 2729 1117 2822 magis
1140 2727 1229 2803 idem
1254 2729 1310 2798 in-

330 2861 478 2922 stantem
498 2849 635 2922 vultum
662 2850 813 2946 tyranni,
838 2874 942 2944 quam
965 2851 1088 2946 populi
1110 2852 1214 2940 iram,
1236 2867 1310 2922 tne-

331 2973 462 3044 tuebat.
511 2959 627 3060 Quum
657 2972 786 3044 Socrati
819 2984 854 3042 et
887 2971 1007 3046 decem
1031 2973 1106 3046 aliis
1133 2975 1309 3068 negotium

331 3095 505 3166 dedissent
527 3095 681 3191 tyranni,
704 3106 743 3166 ut
761 3093 924 3166 Leontem
944 3095 1166 3169 Salaminium
1188 3121 1230 3168 ex
1249 3097 1307 3168 Sa-

333 3218 458 3288 lamine
489 3216 596 3288 viad
625 3239 663 3287 se
694 3216 921 3308 adducerent,
954 3217 1108 3290 Socrates
1131 3221 1306 3290 'insontem

332 3339 505 3410 hominem
525 3337 675 3410 Athenas
697 3339 822 3412 ducere
843 3340 954 3412 noluit
975 3339 1039 3438 (ᾗ).

381 3463 469 3534 ltero
500 3461 578 3553 hle,
610 3462 703 3558 'quod
733 3462 815 3534 alibi
839 3485 895 3534 me
925 3463 1039 3536 dicere
1062 3464 1239 3562 memini(
1281 3463 1306 3560 ).

333 3584 513 3679 Proprium
534 3585 663 3656 Socrati
684 3597 756 3658 erat
770 3608 841 3656 non
857 3585 988 3677 solum,
1011 3599 1140 3659 utnon
1166 3587 1308 3676 eodern,

365 3889 400 3958 (*)
418 3894 489 3958 Apol.
506 3891 549 3942 ea.
566 3893 593 3941 l.
610 3893 638 3941 B.
656 3891 684 3941 C.
786 3890 827 3959 (†)
843 3891 911 3943 Plut.
928 3893 1010 3943 Anto.
1027 3909 1049 3942 e.
1069 3895 1110 3944 17.

365 3983 396 4050 (ll)
412 3983 474 4034 Plal.
493 3987 566 4052 Apol·
584 3986 614 4034 S·
629 3985 672 4034 ³2·
690 3983 718 4034 (i.
788 3981 977 4054 (**)1m'l.plt.
994 3987 1037 4038 Pl.
1056 3985 1090 4036 ll.
1108 3989 1132 4036 l.
1151 3987 1194 4036 lli.
1211 3987 1253 4036 04.
