2828 5098
699 474 920 546 -164-

242 673 243 678 ’
374 671 507 765 Organo
530 671 635 763 igitur
662 669 842 744 scribendo
863 670 1061 743 Aristoteles
1085 693 1212 744 norum
1233 672 1309 756 dia·

325 795 464 866 lecticae
496 817 601 888 genus
632 795 670 863 in
699 793 812 864 lucem
839 795 1001 890 protulit,
1033 795 1127 890 quod
1155 819 1226 868 nou
1249 821 1309 868 so·
1342 808 1343 816 ’

325 918 398 989 lum
421 905 591 990 cernendo
611 917 858 1011 jungendoque
886 918 1137 1010 contineretur,
1161 917 1223 990 sed
1244 943 1306 988 ar-

325 1053 394 1112 tem
417 1041 454 1136 in
473 1041 594 1136 primis
609 1039 875 1134 argumentandi
894 1040 1307 1136 praecipuequeprobau-

323 1163 361 1234 di
383 1187 422 1235 ac
444 1161 616 1234 refutandi
639 1163 934 1258 complecteretur.
961 1161 1050 1233 Nam
1070 1185 1202 1254 eorum,
1217 1187 1308 1258 quae

322 1286 412 1376 dixi,
446 1287 598 1357 omnium
629 1283 727 1372 initia
754 1284 789 1352 in
821 1269 970 1354 Platonis
994 1285 1130 1379 scriptis
1154 1298 1305 1356 exstant.

224 1499 225 1502 Ἴ
323 1406 530 1502 Disputandi
562 1405 696 1476 inillis
726 1405 813 1476 ratio
835 1427 897 1500 per
920 1401 1109 1502 διαιρέσεις,
1130 1431 1216 1502 quas
1240 1433 1307 1480 ro-

324 1543 400 1619 cat,
420 1541 456 1599 et
479 1524 680 1626 συιιιγῶγιιι
701 1527 813 1598 ubivis
837 1540 873 1598 at
893 1521 1079 1625 usurpatur
1097 1542 1133 1600 et
1155 1531 1308 1604 celebra-

323 1665 382 1723 tur
398 1650 470 1749 (Ἲς
495 1653 690 1748 dqiua‘cadi
709 1650 813 1741 adeo,
838 1653 989 1748 itemque
1013 1655 1305 1727 distribuendiin
1406 1653 1407 1670 ¹

323 1787 436 1872 partes
459 1775 651 1870 argumenti
674 1774 869 1870 exemplum
896 1775 932 1843 in
953 1775 1126 1848 Phaedro
1148 1777 1306 1870 dederat,

325 1899 385 1970 ubi
408 1899 580 1970 Socratem
603 1896 758 1986 induxit,
777 1894 940 1991 Lysianac
959 1897 1004 1968 de
1029 1921 1142 1970 amore
1162 1902 1307 1972 orationi
1405 1988 1406 1992 Ἰ

324 2031 451 2092 temere
471 2043 534 2091 nec
555 2019 674 2099 ordine
694 2018 912 2114 procedenti,
937 2043 1035 2090 suam
1057 2019 1102 2091 de
1125 2021 1244 2093 eadem
1268 2047 1308 2094 re
1405 2001 1406 2027 ³

323 2121 510 2212 orationem
533 2152 784 2236 opponentem,
807 2154 895 2234 quae
918 2141 963 2211 ab
985 2143 1108 2214 amoris
1132 2144 1308 2218 delinitio-

324 2287 367 2334 ne
402 2263 527 2352 ducta,
563 2261 787 2368 discernendo
808 2261 969 2360 deinceps
992 2278 1035 2335 et
1049 2265 1235 2340 dividendo
1261 2271 1307 2350 ad

324 2385 540 2482 probabilem
562 2385 814 2457 conclusionem
837 2385 990 2457 duceret.
1042 2388 1110 2460 Nec
1130 2390 1242 2462 deluit
1271 2393 1309 2461 in

323 2507 444 2580 iisdem
466 2507 617 2579 Platonis
640 2509 797 2603 scriptis,
820 2509 856 2577 iu
876 2508 1056 2582 Phaedone
1075 2514 1310 2608 potissimum,

233 2603 240 2618 ’
325 2644 501 2704 accuratae
524 2643 559 2701 et
581 2629 652 2700 fere
674 2630 902 2724 syllogisticae
924 2633 1218 2708 demonstrationis
1241 2661 1311 2710 ex-

324 2753 489 2847 emplum.
540 2749 608 2821 Sed
650 2750 695 2820 de
728 2750 894 2822 industria
928 2753 1070 2828 demum
1102 2757 1309 2834 Aristoteles

324 2873 412 2944 hanc
435 2872 552 2968 'ipsam
583 2871 838 2943 demonstrandi
878 2876 1116 2974 probandique
1150 2882 1311 2978 itemque

325 2994 496 3068 refutandi
527 2993 713 3083 rationem,
735 2995 992 3092 wltoqrrrrarir
1015 3003 1175 3094 omuino,
1199 3031 1310 3101 quam

324 3119 488 3208 vocabat,
512 3115 713 3188 elaboravit:
737 3117 949 3215 eandemque
965 3121 1179 3222 philosophis
1195 3133 1311 3204 omnis
1402 3158 1407 3176 ·

324 3241 488 3336 deinceps¹
521 3239 593 3310 acri
626 3249 788 3334 tanquam
817 3243 1103 3340 instrumentum,
1132 3251 1311 3326 imovero

170 3345 172 3352 '
263 3425 265 3430 .
325 3365 489 3456 tauquam
521 3355 674 3456 gladium
696 3361 858 3460 tradidit,
887 3381 1011 3463 quoet
1032 3393 1129 3441 suam
1149 3397 1311 3448 caussam
1407 3458 1408 3462 Ἰ

316 3483 536 3594 ‘vindicarent
561 3489 597 3554 et
621 3482 889 3558 adversariorum
911 3494 1223 3584 argumentationes
1247 3525 1312 3571 re-
1407 3495 1409 3529 ³

326 3606 488 3693 futarcnt,
515 3606 722 3703 omninoque
746 3607 782 3678 iu
805 3610 895 3680 omni
906 3611 1105 3708 disputandi
1119 3623 1315 3696 certamine
1405 3576 1410 3651 l

327 3729 502 3802 victoriam
527 3740 748 3824 reportarent.
1410 3741 1412 3790 ι

360 3993 397 4066 (⁴)
415 3995 532 4048 Ptoatro
549 4013 573 4045 r.
592 4013 612 4046 c.
630 3999 682 4047 2⁶0
698 3999 725 4048 B.
837 4002 839 4006 '
