<?xml version="1.0" encoding="UTF-8"?>
<!DOCTYPE html PUBLIC "-//W3C//DTD XHTML 1.0 Transitional//EN"
    "http://www.w3.org/TR/xhtml1/DTD/xhtml1-transitional.dtd">
<html xmlns="http://www.w3.org/1999/xhtml" xml:lang="en" lang="en">
 <head>
  <title>
</title>
<meta http-equiv="Content-Type" content="text/html;charset=utf-8" />
  <meta name='ocr-system' content='tesseract 3.04.00' />
  <meta name='ocr-capabilities' content='ocr_page ocr_carea ocr_par ocr_line ocrx_word'/>
</head>
<body>
  <div class='ocr_page' id='page_1' title='image "./characterismipr00heusgoog_0206.png"; bbox 0 0 2824 5084; ppageno 0'>
   <div class='ocr_carea' id='block_1_1' title="bbox 405 432 689 504">
    <p class='ocr_par' dir='ltr' id='par_1_1' title="bbox 405 432 689 504">
     <span class='ocr_line' id='line_1_1' title="bbox 405 432 689 504; baseline -0.004 -1"><span class='ocrx_word' id='word_1_1' title='bbox 405 432 689 504; x_wconf 69' lang='lat'>&#39;-193-</span> 
     </span>
    </p>
   </div>
   <div class='ocr_carea' id='block_1_2' title="bbox 47 635 1063 3300">
    <p class='ocr_par' dir='ltr' id='par_1_2' title="bbox 47 635 1063 3300">
     <span class='ocr_line' id='line_1_2' title="bbox 81 635 1059 728; baseline 0.01 -30"><span class='ocrx_word' id='word_1_2' title='bbox 81 635 247 704; x_wconf 66' lang='lat' dir='ltr'><strong>:amnibus</strong></span> <span class='ocrx_word' id='word_1_3' title='bbox 267 649 332 722; x_wconf 85' lang='lat' dir='ltr'><strong>est,</strong></span> <span class='ocrx_word' id='word_1_4' title='bbox 354 637 579 706; x_wconf 80' lang='lat' dir='ltr'><strong>recentiorum</strong></span> <span class='ocrx_word' id='word_1_5' title='bbox 594 641 748 728; x_wconf 78' lang='lat' dir='ltr'><strong>gentium</strong></span> <span class='ocrx_word' id='word_1_6' title='bbox 762 637 975 710; x_wconf 83' lang='lat' dir='ltr'><strong>Aristoteles:</strong></span> <span class='ocrx_word' id='word_1_7' title='bbox 991 642 1059 709; x_wconf 91' lang='lat' dir='ltr'><strong>imo</strong></span> 
     </span>
     <span class='ocr_line' id='line_1_3' title="bbox 81 757 1058 854; baseline 0.007 -31"><span class='ocrx_word' id='word_1_8' title='bbox 81 779 164 828; x_wconf 91' lang='lat' dir='ltr'><strong>vero</strong></span> <span class='ocrx_word' id='word_1_9' title='bbox 186 757 358 852; x_wconf 87' lang='lat' dir='ltr'><strong>praestitit</strong></span> <span class='ocrx_word' id='word_1_10' title='bbox 380 757 522 852; x_wconf 89' lang='lat' dir='ltr'><strong>antiquo</strong></span> <span class='ocrx_word' id='word_1_11' title='bbox 541 759 731 830; x_wconf 77' lang='lat' dir='ltr'><strong>Aristoteli:</strong></span> <span class='ocrx_word' id='word_1_12' title='bbox 750 759 853 853; x_wconf 79' lang='lat' dir='ltr'><strong>longo</strong></span> <span class='ocrx_word' id='word_1_13' title='bbox 873 758 965 830; x_wconf 91' lang='lat' dir='ltr'><strong>hunc</strong></span> <span class='ocrx_word' id='word_1_14' title='bbox 981 775 1058 854; x_wconf 83' lang='lat' dir='ltr'><strong>post</strong></span> 
     </span>
     <span class='ocr_line' id='line_1_4' title="bbox 78 858 1059 988; baseline 0.004 -42"><span class='ocrx_word' id='word_1_15' title='bbox 78 902 120 946; x_wconf 87' lang='lat' dir='ltr'><strong>se</strong></span> <span class='ocrx_word' id='word_1_16' title='bbox 151 880 188 948; x_wconf 91' lang='lat' dir='ltr'><strong>in</strong></span> <span class='ocrx_word' id='word_1_17' title='bbox 221 858 370 988; x_wconf 77' lang='lat' dir='ltr'><strong>physicis</strong></span> <span class='ocrx_word' id='word_1_18' title='bbox 391 880 575 951; x_wconf 77' lang='lat' dir='ltr'><strong>tractandis</strong></span> <span class='ocrx_word' id='word_1_19' title='bbox 600 879 780 952; x_wconf 83' lang='lat' dir='ltr'><strong>intervallo</strong></span> <span class='ocrx_word' id='word_1_20' title='bbox 799 880 963 975; x_wconf 89' lang='lat' dir='ltr'><strong>reliquit,</strong></span> <span class='ocrx_word' id='word_1_21' title='bbox 986 881 1059 974; x_wconf 89' lang='lat' dir='ltr'><strong>ipse</strong></span> 
     </span>
     <span class='ocr_line' id='line_1_5' title="bbox 76 1000 1058 1098; baseline 0.001 -29"><span class='ocrx_word' id='word_1_22' title='bbox 76 1000 171 1072; x_wconf 88' lang='lat' dir='ltr'><strong>adeo</strong></span> <span class='ocrx_word' id='word_1_23' title='bbox 191 1001 365 1096; x_wconf 74' lang='lat' dir='ltr'><strong>despicere</strong></span> <span class='ocrx_word' id='word_1_24' title='bbox 376 1003 570 1097; x_wconf 81' lang='lat' dir='ltr'><strong>Stagiritam</strong></span> <span class='ocrx_word' id='word_1_25' title='bbox 582 1004 733 1090; x_wconf 75' lang='lat' dir='ltr'><strong>solebat:</strong></span> <span class='ocrx_word' id='word_1_26' title='bbox 747 1027 816 1098; x_wconf 94' lang='lat' dir='ltr'><strong>quo</strong></span> <span class='ocrx_word' id='word_1_27' title='bbox 826 1005 933 1096; x_wconf 84' lang='lat' dir='ltr'><strong>magis</strong></span> <span class='ocrx_word' id='word_1_28' title='bbox 944 1003 1058 1090; x_wconf 86' lang='lat' dir='ltr'><strong>ctiam,</strong></span> 
     </span>
     <span class='ocr_line' id='line_1_6' title="bbox 74 1102 1060 1221; baseline 0 -27"><span class='ocrx_word' id='word_1_29' title='bbox 74 1123 170 1217; x_wconf 79' lang='lat' dir='ltr'><strong>quid</strong></span> <span class='ocrx_word' id='word_1_30' title='bbox 210 1102 433 1220; x_wconf 83' lang='lat' dir='ltr'><strong>spectaverit¹</strong></span> <span class='ocrx_word' id='word_1_31' title='bbox 455 1127 617 1220; x_wconf 89' lang='lat' dir='ltr'><strong>antiquus</strong></span> <span class='ocrx_word' id='word_1_32' title='bbox 652 1127 733 1214; x_wconf 82' lang='lat' dir='ltr'><strong>ille,</strong></span> <span class='ocrx_word' id='word_1_33' title='bbox 773 1150 843 1221; x_wconf 89' lang='lat' dir='ltr'><strong>quo</strong></span> <span class='ocrx_word' id='word_1_34' title='bbox 875 1125 1060 1196; x_wconf 85' lang='lat' dir='ltr'><strong>contende-</strong></span> 
     </span>
     <span class='ocr_line' id='line_1_7' title="bbox 74 1237 1061 1344; baseline 0.005 -30"><span class='ocrx_word' id='word_1_35' title='bbox 74 1247 545 1340; x_wconf 56' lang='lat' dir='ltr'><strong>1·it1mari1ne,quamvisid</strong></span> <span class='ocrx_word' id='word_1_36' title='bbox 567 1250 699 1344; x_wconf 83' lang='lat' dir='ltr'><strong>assequi</strong></span> <span class='ocrx_word' id='word_1_37' title='bbox 724 1249 827 1344; x_wconf 87' lang='lat' dir='ltr'><strong>plane</strong></span> <span class='ocrx_word' id='word_1_38' title='bbox 848 1237 917 1321; x_wconf 85' lang='lat' dir='ltr'><strong>non</strong></span> <span class='ocrx_word' id='word_1_39' title='bbox 939 1261 1061 1344; x_wconf 88' lang='lat' dir='ltr'><strong>potue·</strong></span> 
     </span>
     <span class='ocr_line' id='line_1_8' title="bbox 75 1366 1061 1466; baseline 0.006 -30"><span class='ocrx_word' id='word_1_40' title='bbox 75 1369 146 1456; x_wconf 86' lang='lat' dir='ltr'><strong>rit,</strong></span> <span class='ocrx_word' id='word_1_41' title='bbox 182 1366 263 1438; x_wconf 91' lang='lat' dir='ltr'><strong>hinc</strong></span> <span class='ocrx_word' id='word_1_42' title='bbox 287 1369 385 1440; x_wconf 91' lang='lat' dir='ltr'><strong>nohis</strong></span> <span class='ocrx_word' id='word_1_43' title='bbox 410 1368 491 1440; x_wconf 89' lang='lat' dir='ltr'><strong>licet</strong></span> <span class='ocrx_word' id='word_1_44' title='bbox 515 1372 719 1466; x_wconf 89' lang='lat' dir='ltr'><strong>perspicere.</strong></span> <span class='ocrx_word' id='word_1_45' title='bbox 770 1372 840 1442; x_wconf 90' lang='lat' dir='ltr'><strong>Nec</strong></span> <span class='ocrx_word' id='word_1_46' title='bbox 866 1395 946 1443; x_wconf 87' lang='lat' dir='ltr'><strong>vero</strong></span> <span class='ocrx_word' id='word_1_47' title='bbox 967 1370 1061 1442; x_wconf 86' lang='lat' dir='ltr'><strong>Aris-</strong></span> 
     </span>
     <span class='ocr_line' id='line_1_9' title="bbox 76 1489 1058 1599; baseline 0.007 -42"><span class='ocrx_word' id='word_1_48' title='bbox 76 1490 198 1560; x_wconf 84' lang='lat' dir='ltr'><strong>totelis</strong></span> <span class='ocrx_word' id='word_1_49' title='bbox 232 1489 464 1580; x_wconf 81' lang='lat' dir='ltr'><strong>solummodo,</strong></span> <span class='ocrx_word' id='word_1_50' title='bbox 502 1493 564 1562; x_wconf 91' lang='lat' dir='ltr'><strong>sed</strong></span> <span class='ocrx_word' id='word_1_51' title='bbox 599 1495 672 1564; x_wconf 89' lang='lat' dir='ltr'><strong>aevi</strong></span> <span class='ocrx_word' id='word_1_52' title='bbox 706 1495 832 1584; x_wconf 86' lang='lat' dir='ltr'><strong>etiam,</strong></span> <span class='ocrx_word' id='word_1_53' title='bbox 857 1519 927 1599; x_wconf 76' lang='lat' dir='ltr'><strong>quc</strong></span> <span class='ocrx_word' id='word_1_54' title='bbox 951 1495 1058 1581; x_wconf 81' lang='lat' dir='ltr'><strong>vixit,</strong></span> 
     </span>
     <span class='ocr_line' id='line_1_10' title="bbox 76 1586 1060 1707; baseline 0.004 -23"><span class='ocrx_word' id='word_1_55' title='bbox 76 1613 308 1707; x_wconf 76' lang='lat' dir='ltr'><strong>cognoscendi</strong></span> <span class='ocrx_word' id='word_1_56' title='bbox 333 1586 451 1684; x_wconf 76' lang='lat' dir='ltr'><strong>caussa</strong></span> <span class='ocrx_word' id='word_1_57' title='bbox 483 1614 714 1686; x_wconf 86' lang='lat' dir='ltr'><strong>attendendus</strong></span> <span class='ocrx_word' id='word_1_58' title='bbox 738 1617 836 1688; x_wconf 89' lang='lat' dir='ltr'><strong>nobis</strong></span> <span class='ocrx_word' id='word_1_59' title='bbox 854 1630 969 1688; x_wconf 88' lang='lat' dir='ltr'><strong>noster</strong></span> <span class='ocrx_word' id='word_1_60' title='bbox 986 1617 1060 1688; x_wconf 88' lang='lat' dir='ltr'><strong>hic-</strong></span> 
     </span>
     <span class='ocr_line' id='line_1_11' title="bbox 47 1735 1060 1812; baseline 0.002 -6"><span class='ocrx_word' id='word_1_61' title='bbox 47 1779 48 1788; x_wconf 46' lang='lat'>1</span> <span class='ocrx_word' id='word_1_62' title='bbox 76 1760 120 1806; x_wconf 88' lang='lat' dir='ltr'><strong>ce</strong></span> <span class='ocrx_word' id='word_1_63' title='bbox 147 1736 389 1808; x_wconf 82' lang='lat' dir='ltr'><strong>celeberrimus</strong></span> <span class='ocrx_word' id='word_1_64' title='bbox 414 1735 647 1808; x_wconf 83' lang='lat' dir='ltr'><strong>doctrinarum</strong></span> <span class='ocrx_word' id='word_1_65' title='bbox 672 1737 878 1808; x_wconf 88' lang='lat' dir='ltr'><strong>instaurator</strong></span> <span class='ocrx_word' id='word_1_66' title='bbox 897 1753 960 1810; x_wconf 87' lang='lat' dir='ltr'><strong>est.</strong></span> <span class='ocrx_word' id='word_1_67' title='bbox 986 1741 1060 1812; x_wconf 87' lang='lat' dir='ltr'><strong>Non</strong></span> 
     </span>
     <span class='ocr_line' id='line_1_12' title="bbox 78 1855 1060 1956; baseline 0.002 -29"><span class='ocrx_word' id='word_1_68' title='bbox 78 1857 165 1932; x_wconf 84' lang='lat' dir='ltr'><strong>fecit</strong></span> <span class='ocrx_word' id='word_1_69' title='bbox 190 1859 294 1949; x_wconf 88' lang='lat' dir='ltr'><strong>Baco,</strong></span> <span class='ocrx_word' id='word_1_70' title='bbox 320 1858 415 1956; x_wconf 84' lang='lat' dir='ltr'><strong>quod</strong></span> <span class='ocrx_word' id='word_1_71' title='bbox 439 1855 564 1930; x_wconf 91' lang='lat' dir='ltr'><strong>deinde</strong></span> <span class='ocrx_word' id='word_1_72' title='bbox 588 1858 633 1930; x_wconf 90' lang='lat' dir='ltr'><strong>ad</strong></span> <span class='ocrx_word' id='word_1_73' title='bbox 655 1873 813 1932; x_wconf 88' lang='lat' dir='ltr'><strong>naturam</strong></span> <span class='ocrx_word' id='word_1_74' title='bbox 826 1860 1060 1956; x_wconf 81' lang='lat' dir='ltr'><strong>explicandam</strong></span> 
     </span>
     <span class='ocr_line' id='line_1_13' title="bbox 78 1980 1061 2072; baseline -0.001 -19"><span class='ocrx_word' id='word_1_75' title='bbox 78 2006 163 2054; x_wconf 88' lang='lat' dir='ltr'><strong>cum</strong></span> <span class='ocrx_word' id='word_1_76' title='bbox 200 1981 390 2071; x_wconf 87' lang='lat' dir='ltr'><strong>Cartesius,</strong></span> <span class='ocrx_word' id='word_1_77' title='bbox 428 1993 504 2052; x_wconf 88' lang='lat' dir='ltr'><strong>tum</strong></span> <span class='ocrx_word' id='word_1_78' title='bbox 538 1980 713 2072; x_wconf 89' lang='lat' dir='ltr'><strong>Galileus,</strong></span> <span class='ocrx_word' id='word_1_79' title='bbox 748 1995 824 2053; x_wconf 92' lang='lat' dir='ltr'><strong>tum</strong></span> <span class='ocrx_word' id='word_1_80' title='bbox 858 2005 938 2053; x_wconf 88' lang='lat' dir='ltr'><strong>vero</strong></span> <span class='ocrx_word' id='word_1_81' title='bbox 961 1983 1061 2052; x_wconf 84' lang='lat' dir='ltr'><strong>New-</strong></span> 
     </span>
     <span class='ocr_line' id='line_1_14' title="bbox 79 2103 1062 2200; baseline 0.004 -28"><span class='ocrx_word' id='word_1_82' title='bbox 79 2117 185 2176; x_wconf 91' lang='lat' dir='ltr'><strong>tonus</strong></span> <span class='ocrx_word' id='word_1_83' title='bbox 220 2103 312 2176; x_wconf 86' lang='lat' dir='ltr'><strong>feeit.</strong></span> <span class='ocrx_word' id='word_1_84' title='bbox 366 2104 427 2175; x_wconf 88' lang='lat' dir='ltr'><strong>His</strong></span> <span class='ocrx_word' id='word_1_85' title='bbox 466 2105 549 2200; x_wconf 88' lang='lat' dir='ltr'><strong>ipsis</strong></span> <span class='ocrx_word' id='word_1_86' title='bbox 573 2128 634 2176; x_wconf 90' lang='lat' dir='ltr'><strong>sua</strong></span> <span class='ocrx_word' id='word_1_87' title='bbox 658 2117 740 2186; x_wconf 88' lang='lat' dir='ltr'><strong>sunt</strong></span> <span class='ocrx_word' id='word_1_88' title='bbox 765 2106 902 2176; x_wconf 80' lang='lat' dir='ltr'><strong>inventa</strong></span> <span class='ocrx_word' id='word_1_89' title='bbox 930 2105 1062 2198; x_wconf 82' lang='lat' dir='ltr'><strong>integra</strong></span> 
     </span>
     <span class='ocr_line' id='line_1_15' title="bbox 79 2225 1060 2316; baseline 0.005 -20"><span class='ocrx_word' id='word_1_90' title='bbox 79 2225 278 2308; x_wconf 87' lang='lat' dir='ltr'><strong>tribuenda.</strong></span> <span class='ocrx_word' id='word_1_91' title='bbox 328 2226 396 2296; x_wconf 90' lang='lat' dir='ltr'><strong>Sed</strong></span> <span class='ocrx_word' id='word_1_92' title='bbox 426 2227 516 2296; x_wconf 83' lang='lat' dir='ltr'><strong>viam</strong></span> <span class='ocrx_word' id='word_1_93' title='bbox 549 2227 609 2298; x_wconf 91' lang='lat' dir='ltr'><strong>ille</strong></span> <span class='ocrx_word' id='word_1_94' title='bbox 644 2229 845 2300; x_wconf 86' lang='lat' dir='ltr'><strong>monstravit</strong></span> <span class='ocrx_word' id='word_1_95' title='bbox 880 2228 1060 2316; x_wconf 87' lang='lat' dir='ltr'><strong>omnihus,</strong></span> 
     </span>
     <span class='ocr_line' id='line_1_16' title="bbox 77 2347 1060 2444; baseline 0.001 -25"><span class='ocrx_word' id='word_1_96' title='bbox 77 2350 145 2444; x_wconf 89' lang='lat' dir='ltr'><strong>qui</strong></span> <span class='ocrx_word' id='word_1_97' title='bbox 167 2360 280 2418; x_wconf 87' lang='lat' dir='ltr'><strong>totae</strong></span> <span class='ocrx_word' id='word_1_98' title='bbox 302 2357 397 2414; x_wconf 87' lang='lat' dir='ltr'><strong>tanta</strong></span> <span class='ocrx_word' id='word_1_99' title='bbox 415 2367 576 2438; x_wconf 78' lang='lat' dir='ltr'><strong>peragere</strong></span> <span class='ocrx_word' id='word_1_100' title='bbox 598 2349 818 2418; x_wconf 89' lang='lat' dir='ltr'><strong>sustinerent.</strong></span> <span class='ocrx_word' id='word_1_101' title='bbox 855 2351 910 2422; x_wconf 90' lang='lat' dir='ltr'><strong>Sic</strong></span> <span class='ocrx_word' id='word_1_102' title='bbox 929 2347 1060 2421; x_wconf 78' lang='lat' dir='ltr'><strong>Aristo-</strong></span> 
     </span>
     <span class='ocr_line' id='line_1_17' title="bbox 77 2467 1060 2564; baseline 0.002 -24"><span class='ocrx_word' id='word_1_103' title='bbox 77 2471 170 2540; x_wconf 88' lang='lat' dir='ltr'><strong>teles</strong></span> <span class='ocrx_word' id='word_1_104' title='bbox 191 2469 392 2564; x_wconf 86' lang='lat' dir='ltr'><strong>antiquitus.</strong></span> <span class='ocrx_word' id='word_1_105' title='bbox 443 2468 520 2538; x_wconf 87' lang='lat' dir='ltr'><strong>llux</strong></span> <span class='ocrx_word' id='word_1_106' title='bbox 543 2467 602 2538; x_wconf 90' lang='lat' dir='ltr'><strong>ille</strong></span> <span class='ocrx_word' id='word_1_107' title='bbox 624 2493 687 2539; x_wconf 88' lang='lat' dir='ltr'><strong>sua</strong></span> <span class='ocrx_word' id='word_1_108' title='bbox 709 2481 820 2540; x_wconf 88' lang='lat' dir='ltr'><strong>aetate</strong></span> <span class='ocrx_word' id='word_1_109' title='bbox 842 2470 910 2541; x_wconf 92' lang='lat' dir='ltr'><strong>illis</strong></span> <span class='ocrx_word' id='word_1_110' title='bbox 932 2470 1060 2559; x_wconf 88' lang='lat' dir='ltr'><strong>fuerat,</strong></span> 
     </span>
     <span class='ocr_line' id='line_1_18' title="bbox 77 2587 1060 2689; baseline -0.002 -25"><span class='ocrx_word' id='word_1_111' title='bbox 77 2594 144 2689; x_wconf 88' lang='lat' dir='ltr'><strong>qui</strong></span> <span class='ocrx_word' id='word_1_112' title='bbox 167 2591 288 2664; x_wconf 89' lang='lat' dir='ltr'><strong>eodem</strong></span> <span class='ocrx_word' id='word_1_113' title='bbox 311 2587 572 2681; x_wconf 87' lang='lat' dir='ltr'><strong>contenderent,</strong></span> <span class='ocrx_word' id='word_1_114' title='bbox 594 2590 740 2681; x_wconf 87' lang='lat' dir='ltr'><strong>Euclidi‚</strong></span> <span class='ocrx_word' id='word_1_115' title='bbox 751 2588 961 2682; x_wconf 85' lang='lat' dir='ltr'><strong>Archimedi,</strong></span> <span class='ocrx_word' id='word_1_116' title='bbox 976 2593 1060 2687; x_wconf 90' lang='lat' dir='ltr'><strong>llip-</strong></span> 
     </span>
     <span class='ocr_line' id='line_1_19' title="bbox 79 2713 1061 2812; baseline -0.002 -24"><span class='ocrx_word' id='word_1_117' title='bbox 79 2715 231 2812; x_wconf 85' lang='lat' dir='ltr'><strong>parcho,</strong></span> <span class='ocrx_word' id='word_1_118' title='bbox 252 2715 463 2787; x_wconf 84' lang='lat' dir='ltr'><strong>Ptolemaeo:</strong></span> <span class='ocrx_word' id='word_1_119' title='bbox 478 2738 547 2785; x_wconf 90' lang='lat' dir='ltr'><strong>nou</strong></span> <span class='ocrx_word' id='word_1_120' title='bbox 567 2713 810 2786; x_wconf 86' lang='lat' dir='ltr'><strong>immortalium</strong></span> <span class='ocrx_word' id='word_1_121' title='bbox 825 2715 1061 2802; x_wconf 60' lang='lat' dir='ltr'><strong>inventorum</strong></span> 
     </span>
     <span class='ocr_line' id='line_1_20' title="bbox 79 2835 1060 2934; baseline -0.003 -24"><span class='ocrx_word' id='word_1_122' title='bbox 79 2862 170 2934; x_wconf 90' lang='lat' dir='ltr'><strong>quae</strong></span> <span class='ocrx_word' id='word_1_123' title='bbox 189 2838 233 2908; x_wconf 90' lang='lat' dir='ltr'><strong>ab</strong></span> <span class='ocrx_word' id='word_1_124' title='bbox 255 2837 309 2908; x_wconf 92' lang='lat' dir='ltr'><strong>his</strong></span> <span class='ocrx_word' id='word_1_125' title='bbox 331 2837 367 2906; x_wconf 91' lang='lat' dir='ltr'><strong>in</strong></span> <span class='ocrx_word' id='word_1_126' title='bbox 386 2836 499 2908; x_wconf 91' lang='lat' dir='ltr'><strong>lucem</strong></span> <span class='ocrx_word' id='word_1_127' title='bbox 521 2849 603 2908; x_wconf 89' lang='lat' dir='ltr'><strong>sunt</strong></span> <span class='ocrx_word' id='word_1_128' title='bbox 625 2835 730 2927; x_wconf 86' lang='lat' dir='ltr'><strong>edita,</strong></span> <span class='ocrx_word' id='word_1_129' title='bbox 741 2837 1060 2918; x_wconf 88' lang='lat' dir='ltr'><strong>auctorhabendus.</strong></span> 
     </span>
     <span class='ocr_line' id='line_1_21' title="bbox 79 2957 1063 3056; baseline -0.001 -25"><span class='ocrx_word' id='word_1_130' title='bbox 79 2960 261 3032; x_wconf 85' lang='lat' dir='ltr'><strong>Caeterum</strong></span> <span class='ocrx_word' id='word_1_131' title='bbox 293 2983 364 3056; x_wconf 88' lang='lat' dir='ltr'><strong>quo</strong></span> <span class='ocrx_word' id='word_1_132' title='bbox 393 2957 598 3052; x_wconf 85' lang='lat' dir='ltr'><strong>praeclarius</strong></span> <span class='ocrx_word' id='word_1_133' title='bbox 628 2970 663 3028; x_wconf 90' lang='lat' dir='ltr'><strong>et</strong></span> <span class='ocrx_word' id='word_1_134' title='bbox 692 2958 780 3030; x_wconf 88' lang='lat' dir='ltr'><strong>Baco</strong></span> <span class='ocrx_word' id='word_1_135' title='bbox 802 2970 838 3028; x_wconf 86' lang='lat' dir='ltr'><strong>et</strong></span> <span class='ocrx_word' id='word_1_136' title='bbox 859 2960 919 3053; x_wconf 88' lang='lat' dir='ltr'><strong>qui</strong></span> <span class='ocrx_word' id='word_1_137' title='bbox 946 2961 1063 3054; x_wconf 79' lang='lat' dir='ltr'><strong>ipsum&#39;</strong></span> 
     </span>
     <span class='ocr_line' id='line_1_22' title="bbox 79 3080 1059 3178; baseline 0 -26"><span class='ocrx_word' id='word_1_138' title='bbox 79 3084 190 3156; x_wconf 84' lang='lat' dir='ltr'><strong>secuti</strong></span> <span class='ocrx_word' id='word_1_139' title='bbox 212 3094 306 3173; x_wconf 84' lang='lat' dir='ltr'><strong>sunt,</strong></span> <span class='ocrx_word' id='word_1_140' title='bbox 328 3083 527 3178; x_wconf 90' lang='lat' dir='ltr'><strong>praesertim</strong></span> <span class='ocrx_word' id='word_1_141' title='bbox 537 3081 733 3172; x_wconf 87' lang='lat' dir='ltr'><strong>Newtonus,</strong></span> <span class='ocrx_word' id='word_1_142' title='bbox 745 3080 790 3152; x_wconf 85' lang='lat' dir='ltr'><strong>de</strong></span> <span class='ocrx_word' id='word_1_143' title='bbox 801 3082 950 3152; x_wconf 88' lang='lat' dir='ltr'><strong>universi</strong></span> <span class='ocrx_word' id='word_1_144' title='bbox 962 3105 1059 3152; x_wconf 89' lang='lat' dir='ltr'><strong>mun·</strong></span> 
     </span>
     <span class='ocr_line' id='line_1_23' title="bbox 80 3202 1061 3300; baseline 0.001 -26"><span class='ocrx_word' id='word_1_145' title='bbox 80 3206 117 3276; x_wconf 90' lang='lat' dir='ltr'><strong>di</strong></span> <span class='ocrx_word' id='word_1_146' title='bbox 141 3207 333 3300; x_wconf 83' lang='lat' dir='ltr'><strong>cognitione</strong></span> <span class='ocrx_word' id='word_1_147' title='bbox 358 3206 470 3276; x_wconf 86' lang='lat' dir='ltr'><strong>meriti</strong></span> <span class='ocrx_word' id='word_1_148' title='bbox 492 3215 597 3292; x_wconf 87' lang='lat' dir='ltr'><strong>sunt,</strong></span> <span class='ocrx_word' id='word_1_149' title='bbox 619 3226 660 3273; x_wconf 90' lang='lat' dir='ltr'><strong>eo</strong></span> <span class='ocrx_word' id='word_1_150' title='bbox 681 3205 788 3298; x_wconf 80' lang='lat' dir='ltr'><strong>magis</strong></span> <span class='ocrx_word' id='word_1_151' title='bbox 797 3202 956 3274; x_wconf 89' lang='lat' dir='ltr'><strong>admirari</strong></span> <span class='ocrx_word' id='word_1_152' title='bbox 967 3202 1061 3275; x_wconf 84' lang='lat' dir='ltr'><strong>Aris·</strong></span> 
     </span>
    </p>
   </div>
   <div class='ocr_carea' id='block_1_3' title="bbox 81 3325 1180 3434">
    <p class='ocr_par' dir='ltr' id='par_1_3' title="bbox 81 3325 1180 3434">
     <span class='ocr_line' id='line_1_24' title="bbox 81 3325 1180 3434; baseline 0 -36"><span class='ocrx_word' id='word_1_153' title='bbox 81 3329 223 3402; x_wconf 87' lang='lat' dir='ltr'><strong>totelem</strong></span> <span class='ocrx_word' id='word_1_154' title='bbox 248 3327 375 3422; x_wconf 80' lang='lat' dir='ltr'><strong>decet,</strong></span> <span class='ocrx_word' id='word_1_155' title='bbox 399 3331 460 3424; x_wconf 91' lang='lat' dir='ltr'><strong>qui</strong></span> <span class='ocrx_word' id='word_1_156' title='bbox 483 3329 614 3424; x_wconf 88' lang='lat' dir='ltr'><strong>primus</strong></span> <span class='ocrx_word' id='word_1_157' title='bbox 634 3328 671 3396; x_wconf 92' lang='lat' dir='ltr'><strong>in</strong></span> <span class='ocrx_word' id='word_1_158' title='bbox 694 3327 926 3434; x_wconf 87' lang='lat' dir='ltr'><strong>doctrinarum</strong></span> <span class='ocrx_word' id='word_1_159' title='bbox 953 3325 1059 3398; x_wconf 87' lang='lat' dir='ltr'><strong>histo-</strong></span> <span class='ocrx_word' id='word_1_160' title='bbox 1177 3325 1180 3334; x_wconf 76' lang='grc'><strong>’</strong></span> 
     </span>
    </p>
   </div>
   <div class='ocr_carea' id='block_1_4' title="bbox 82 3447 1077 4136">
    <p class='ocr_par' dir='ltr' id='par_1_4' title="bbox 82 3447 1059 3664">
     <span class='ocr_line' id='line_1_25' title="bbox 82 3447 1059 3547; baseline -0.002 -26"><span class='ocrx_word' id='word_1_161' title='bbox 82 3453 146 3542; x_wconf 81' lang='lat' dir='ltr'><strong>ria,</strong></span> <span class='ocrx_word' id='word_1_162' title='bbox 168 3451 212 3521; x_wconf 88' lang='lat' dir='ltr'><strong>ed</strong></span> <span class='ocrx_word' id='word_1_163' title='bbox 231 3452 289 3522; x_wconf 86' lang='lat' dir='ltr'><strong>illa</strong></span> <span class='ocrx_word' id='word_1_164' title='bbox 309 3450 530 3547; x_wconf 88' lang='lat' dir='ltr'><strong>perficienda,</strong></span> <span class='ocrx_word' id='word_1_165' title='bbox 542 3448 743 3522; x_wconf 89' lang='lat' dir='ltr'><strong>methodum</strong></span> <span class='ocrx_word' id='word_1_166' title='bbox 754 3447 983 3538; x_wconf 88' lang='lat' dir='ltr'><strong>discernendi,</strong></span> <span class='ocrx_word' id='word_1_167' title='bbox 993 3447 1059 3520; x_wconf 87' lang='lat' dir='ltr'><strong>dis·</strong></span> 
     </span>
     <span class='ocr_line' id='line_1_26' title="bbox 83 3559 766 3664; baseline 0 -20"><span class='ocrx_word' id='word_1_168' title='bbox 83 3573 278 3664; x_wconf 88' lang='lat' dir='ltr'><strong>tribuendi,</strong></span> <span class='ocrx_word' id='word_1_169' title='bbox 302 3559 684 3652; x_wconf 83' lang='lat' dir='ltr'><strong>inveniendidocuerit.</strong></span> <span class='ocrx_word' id='word_1_170' title='bbox 759 3649 766 3664; x_wconf 62' lang='lat'>„</span> 
     </span>
    </p>

    <p class='ocr_par' dir='ltr' id='par_1_5' title="bbox 85 3695 1077 4042">
     <span class='ocr_line' id='line_1_27' title="bbox 132 3695 1060 3794; baseline -0.006 -23"><span class='ocrx_word' id='word_1_171' title='bbox 132 3698 202 3771; x_wconf 89' lang='lat' dir='ltr'><strong>Sed</strong></span> <span class='ocrx_word' id='word_1_172' title='bbox 213 3695 410 3770; x_wconf 78' lang='lat' dir='ltr'><strong>Aristoteles</strong></span> <span class='ocrx_word' id='word_1_173' title='bbox 430 3700 619 3794; x_wconf 88' lang='lat' dir='ltr'><strong>antiquitus</strong></span> <span class='ocrx_word' id='word_1_174' title='bbox 642 3709 681 3768; x_wconf 92' lang='lat' dir='ltr'><strong>ut</strong></span> <span class='ocrx_word' id='word_1_175' title='bbox 704 3709 846 3768; x_wconf 88' lang='lat' dir='ltr'><strong>naturae</strong></span> <span class='ocrx_word' id='word_1_176' title='bbox 865 3697 1060 3770; x_wconf 84' lang='lat' dir='ltr'><strong>observator</strong></span> 
     </span>
     <span class='ocr_line' id='line_1_28' title="bbox 85 3802 1077 3916; baseline -0.002 -26"><span class='ocrx_word' id='word_1_177' title='bbox 85 3821 385 3916; x_wconf 87' lang='lat' dir='ltr'><strong>doctrinarumque</strong></span> <span class='ocrx_word' id='word_1_178' title='bbox 406 3833 523 3893; x_wconf 88' lang='lat' dir='ltr'><strong>auctor</strong></span> <span class='ocrx_word' id='word_1_179' title='bbox 542 3819 621 3909; x_wconf 84' lang='lat' dir='ltr'><strong>fuit,</strong></span> <span class='ocrx_word' id='word_1_180' title='bbox 634 3821 681 3890; x_wconf 87' lang='lat' dir='ltr'><strong>ita</strong></span> <span class='ocrx_word' id='word_1_181' title='bbox 691 3821 835 3916; x_wconf 88' lang='lat' dir='ltr'><strong>primus,</strong></span> <span class='ocrx_word' id='word_1_182' title='bbox 849 3831 888 3890; x_wconf 89' lang='lat' dir='ltr'><strong>ut</strong></span> <span class='ocrx_word' id='word_1_183' title='bbox 899 3819 1058 3903; x_wconf 90' lang='lat' dir='ltr'><strong>vidimus,</strong></span> <span class='ocrx_word' id='word_1_184' title='bbox 1073 3802 1077 3806; x_wconf 48' lang='grc'><strong>’</strong></span> 
     </span>
     <span class='ocr_line' id='line_1_29' title="bbox 88 3939 1059 4042; baseline -0.006 -29"><span class='ocrx_word' id='word_1_185' title='bbox 88 3945 351 4042; x_wconf 88' lang='lat' dir='ltr'><strong>rnetaphysicam</strong></span> <span class='ocrx_word' id='word_1_186' title='bbox 386 3944 539 4016; x_wconf 84' lang='lat' dir='ltr'><strong>induxit:</strong></span> <span class='ocrx_word' id='word_1_187' title='bbox 573 3943 702 4014; x_wconf 84' lang='lat' dir='ltr'><strong>cirstitit</strong></span> <span class='ocrx_word' id='word_1_188' title='bbox 735 3955 849 4016; x_wconf 89' lang='lat' dir='ltr'><strong>autem</strong></span> <span class='ocrx_word' id='word_1_189' title='bbox 873 3939 1059 4012; x_wconf 86' lang='lat' dir='ltr'><strong>recentiore</strong></span> 
     </span>
    </p>

    <p class='ocr_par' dir='ltr' id='par_1_6' title="bbox 873 4059 983 4136">
     <span class='ocr_line' id='line_1_30' title="bbox 873 4059 983 4136; baseline 0.045 -5"><span class='ocrx_word' id='word_1_190' title='bbox 873 4059 917 4132; x_wconf 88' lang='lat'><strong>13</strong></span> <span class='ocrx_word' id='word_1_191' title='bbox 975 4128 983 4136; x_wconf 88' lang='grc'><strong>,,</strong></span> 
     </span>
    </p>
   </div>
   <div class='ocr_carea' id='block_1_5' title="bbox 0 0 1428 5084">
    <p class='ocr_par' dir='ltr' id='par_1_7' title="bbox 0 0 1428 5084">
     <span class='ocr_line' id='line_1_31' title="bbox 0 0 1428 5084; baseline 0 0"><span class='ocrx_word' id='word_1_192' title='bbox 0 0 1428 5084; x_wconf 95' lang='lat' dir='ltr'><strong> </strong></span> 
     </span>
    </p>
   </div>
  </div>
 </body>
</html>
