2828 5098
481 493 701 562 *105-
777 593 779 598 Ι

106 689 353 782 generosissimi
376 688 412 756 in
432 688 620 782 primisque
640 685 814 757 amabiles.
863 687 956 758 ldem
979 689 1079 760 nobis

105 809 227 881 eooidit
249 810 340 880 lecto
358 807 510 878 Platone.
535 809 663 880 Pariter
682 809 848 904 expressit
867 809 926 878 ille
946 822 980 880 et
1000 834 1080 881 vero

104 933 276 1028 impressit
295 931 414 1001 animis
437 933 560 1002 nostris
571 931 729 1022 Phaedri,
741 930 943 1022 Charmidis,
956 930 1079 1002 Theae-
1107 1009 1115 1021 ,

105 1057 189 1145 teti,
215 1053 376 1144 aliorum,
400 1055 621 1149 omniumque
645 1055 789 1124 maxime
808 1054 913 1150 ipsius
936 1055 1080 1126 Socratis

103 1179 297 1271 imaginem.
324 1177 470 1246 Tantum
490 1177 605 1268 abest,
629 1190 669 1248 ut
688 1177 837 1248 Platonis
859 1177 985 1272 dialogi
1004 1177 1080 1248 vul-

103 1303 233 1396 garium
267 1301 373 1370 instar
403 1298 652 1394 colloquiorum
686 1299 837 1370 habendi
860 1301 941 1370 sint.
992 1301 1080 1372 Tum

103 1425 205 1494 etiam
229 1444 270 1493 ex
292 1421 356 1494 hao
378 1421 571 1492 dramatum
589 1422 727 1494 illorum
751 1423 947 1495 conditione
964 1424 1001 1494 id
1024 1448 1079 1494 ex-

103 1545 321 1643 plicandum,
355 1545 451 1640 quod
480 1568 581 1640 saepe
601 1558 653 1616 est
674 1547 711 1616 in
732 1546 880 1618 dubium
900 1559 1076 1636 vocatum,

102 1691 225 1740 verene
247 1671 296 1740 sio
318 1667 428 1740 habiti
450 1690 621 1739 sermones
641 1669 723 1759 sint,
744 1671 830 1740 utin
846 1670 994 1742 Platonis
1008 1669 1078 1740 dia-

103 1792 189 1886 logis
222 1803 366 1862 exstant.
417 1791 591 1884 Negaruut
622 1789 688 1862 hoo
724 1791 847 1881 multi,
884 1794 958 1886 ipsd
993 1791 1079 1864 adeo

102 1915 251 1986 Platonis
271 1925 400 2000 aetate,
423 1937 492 2007 qua
515 1911 560 1982 de
578 1935 616 1982 re
638 1913 777 2006 insignis
798 1913 893 1984 loeus
911 1925 963 1984 est
985 1914 1079 2008 apud

103 2038 317 2110 Athenaeum
338 2036 409 2136 (*):
440 2039 589 2135 Λέγεται
617 2034 656 2113 δὲ
680 2039 738 2112 καὶ
760 2038 801 2117 dc
825 2038 840 2112 ὁ
862 2039 1001 2135 Γοργίαν
1020 2041 1080 2112 αὐ-

102 2163 176 2254 τὸς,
207 2161 369 2260 ἀναγνοὺς
402 2161 456 2236 τὸν
480 2156 645 2254 ὁμώνυμον
667 2163 771 2234 αὺτοῦ
796 2157 977 2258 δίαλογαν,
1000 2163 1079 2258 πρὸς
1123 2167 1126 2172 ’

105 2285 184 2366 τοὺς
217 2280 358 2372 συνήθεις
395 2285 476 2378 ἔφη,
516 2285 575 2362 ‘lla
603 2287 710 2362 καλῶς
740 2278 805 2358 οἶδε
828 2280 973 2358 Πλάτων
999 2284 1080 2380 ἰαμ-

101 2407 225 2504 βίζεννδ
251 2398 428 2480 -”Αλλον
451 2402 488 2479 δέ
510 2409 634 2498 φασιν,
658 2407 698 2484 ὡς
721 2403 882 2503 ἀναγνοὺς
905 2407 921 2480 o‘
941 2410 1079 2505 Γοργίας
1178 2391 1183 2406 ’

101 2524 360 2607 vernatione
384 2523 561 2623 διάλογον,
584 2525 661 2621 πρὶν
684 2526 762 2605 τοὺς
783 2529 947 2622 παρόντας
969 2523 1078 2620 εἶπεν,

101 2653 156 2730 ’ὅτι
192 2646 280 2726 οὐδὲν
314 2653 453 2740 τούτων,
487 2650 564 2720 οὔτε
597 2642 702 2737 εἶπεν,
738 2649 813 2720 οὔτε
839 2647 958 2738 ἤκουσε
985 2653 1078 2748 παρα

104 2772 290 2870 Πλάτωνος.
341 2766 461 2846 ratae
494 2775 581 2864 Φατν
613 2771 671 2844 καὶ
700 2767 866 2862 Φαίδωνα,
895 2771 1080 2871 ἀναγνόντα

104 2899 159 2972 τδν
198 2898 271 2994 περὶ
310 2897 441 2996 Ψυχῆς.
502 2894 630 2964 Pariter
663 2894 759 2989 Lysis
793 2894 917 2966 dixisse
950 2895 1079 2968 fertur:

103 3015 296 3118 Ἡράκλεις,
341 3003 385 3097 ὡς1
427 3013 542 3090 πολλαί
579 3043 644 3110 μου
677 3009 894 3106 καταψεύδεθ’
930 3017 946 3092 δ
980 3020 1080 3092 νεανί-

105 3141 278 3240 rera(†)!
329 3141 398 3212 Nee
420 3163 500 3210 vero
521 3139 658 3209 mirum.
707 3139 792 3210 Nam
811 3139 927 3229 Plato,
952 3152 991 3210 ut
1013 3141 1078 3208 mi-

103 3265 311 3362 mographus
333 3258 372 3336 ao
394 3263 606 3357 dialogorum
624 3237 780 3357 scriptor,
803 3287 873 3334 non
890 3255 1001 3335 minus
1015 3262 1080 3336 hae

104 3393 142 3460 in
162 3413 219 3479 re,
249 3413 353 3484 quam
376 3388 526 3482 optimus
549 3386 695 3481 quisque
718 3388 868 3458 comicus
894 3400 954 3458 aut
976 3391 1080 3484 tragi-

104 3539 189 3603 cus,
224 3535 343 3583 verum
377 3510 554 3606 spectavit.
614 3506 731 3578 Effecit
763 3522 877 3580 autem
911 3509 1079 3604 fingendis

103 3635 336 3725 sermonibus,
365 3646 404 3704 ut
434 3633 539 3726 magis
572 3631 674 3701 etiam
703 3632 884 3726 veriusque
919 3657 1079 3728 persona-

105 3785 195 3850 rum,
220 3782 304 3854 quas
326 3755 474 3844 induxit,
497 3752 640 3841 indoles,
669 3753 854 3845 ingenium,
877 3779 998 3846 mores,
1020 3779 1077 3826 eo-

140 4030 176 4097 l*)
197 4033 315 4094 ΒΑΜ·
334 4029 376 4077 xl·
396 4027 437 4076 l5·
522 4024 563 4093 (†)
583 4025 650 4088 Βίας.
669 4027 745 4076 laert.
766 4013 874 4074 111235.
