2824 5084
733 469 954 541 *206*

355 669 495 738 ditionis
525 689 661 758 necesse
691 679 765 756 ert,
790 691 859 762 quo
882 668 989 760 magis
1016 667 1160 738 alterum
1184 665 1333 754 habeut,

355 789 448 886 quod
479 789 577 860 alteri
612 789 712 862 derit.
761 789 883 879 Quod,
911 791 1005 860 utin
1026 789 1129 861 rebus
1153 793 1333 879 ornamus,

354 915 391 983 in
414 912 609 985 hominibus
633 910 804 1002 maxime,
821 913 882 1008 qui
906 912 1093 982 arctissime
1115 917 1334 1008 conjungun-

356 1027 430 1128 tur,
454 1036 616 1124 cernitur,
638 1036 844 1130 impariter,
866 1036 903 1104 ni
927 1031 1046 1124 fallor,
1075 1035 1112 1104 in
1142 1034 1332 1108 diversissi-

355 1161 419 1232 mis
447 1159 540 1232 lrisce
558 1158 707 1230 Platonis
728 1183 768 1230 ac
787 1157 979 1230 Aristotelis
999 1155 1163 1230 doctrinis
1187 1159 1331 1230 obtinet.

309 1373 312 1383 1
354 1284 458 1356 Nobis
489 1283 624 1372 iccirco,
652 1305 721 1376 quo
748 1281 879 1354 facilius
897 1279 976 1352 illae
1000 1281 1194 1376 certiusque
1217 1304 1332 1353 secrmr

250 1447 254 1456 ·
355 1408 522 1494 iuricem,
554 1405 599 1476 ad
627 1405 841 1476 verissimum
867 1403 1103 1500 philosophiae
1122 1405 1332 1476 emolumen-

356 1541 454 1618 tum,
473 1527 736 1616 concilientur,
767 1526 853 1598 haec
875 1537 977 1622 porro
996 1525 1042 1598 de
1067 1526 1209 1600 Platone
1231 1541 1331 1624 atquc

354 1651 536 1724 Aristotele
558 1650 857 1722 animadvertenda
879 1649 1051 1721 ridentur.

368 1843 374 1854 Χ
402 1775 548 1871 Utrique
576 1773 782 1870 philosopho
804 1773 847 1844 ad
868 1772 971 1868 plene
989 1771 1201 1844 tractandam
1221 1773 1331 1869 philo·

355 1895 511 1994 sophiam
530 1895 642 1971 deluit
668 1898 831 1986 multum,
850 1895 945 1992 quud
962 1896 1075 1966 minus
1098 1895 1257 1990 equidem
1278 1897 1332 1990 ip·

354 2023 412 2111 sis,
437 2045 540 2116 quam
561 2018 840 2115 philosophandi,
863 2041 969 2113 quam
987 2017 1096 2090 secuti
1105 2029 1200 2108 suut,
1211 2018 1332 2089 rationi

354 2143 577 2213 tribuendum
611 2153 707 2236 puto.
758 2140 798 2210 ln
831 2141 906 2242 pari
928 2141 1021 2212 enim
1042 2139 1159 2212 studio
1188 2152 1332 2234 uterque

354 2263 517 2365 continuo
536 2260 603 2332 alio
619 2261 810 2332 adverterat
827 2275 988 2334 mentem.
1039 2262 1228 2336 Converws
1238 2262 1332 2334 Plato

354 2411 375 2457 a
402 2387 539 2458 Socrate
569 2397 642 2456 erat
664 2384 709 2456 ad
730 2399 838 2458 semet
858 2387 972 2482 ipsum
993 2397 1029 2460 et
1055 2386 1231 2460 homiuem
1254 2411 1332 2481 cog-

355 2509 584 2583 noscendum:
607 2506 820 2600 Aristoteles,
842 2490 1039 2606 patremus
1058 2509 1195 2582 medico
1212 2511 1333 2606 etipse

355 2659 375 2704 a
410 2646 530 2704 natura
557 2632 611 2703 his
646 2631 770 2704 studiis
802 2632 1016 2723 destinatus,
1049 2633 1134 2706 illuc
1155 2632 1335 2728 spectabat

356 2766 491 2850 sponte.
518 2753 604 2824 Fieri
625 2765 740 2824 autem
758 2755 815 2824 vix
837 2767 985 2850 poterat,
1010 2757 1097 2850 quin
1119 2755 1185 2826 huc
1195 2754 1335 2826 intensa

355 2875 464 2946 omnis
485 2877 664 2970 utriusque
683 2877 853 2970 cogitandi
875 2878 1146 2975 observandique
1163 2877 1334 2968 facultas,

225 3044 228 3052 f
323 2993 325 3000 ’
355 2997 400 3070 cd
422 2997 488 3069 aliu
508 2999 620 3071 omnia
631 2985 842 3092 hebesceret,
857 3013 949 3074 certe
959 2995 1211 3111 deliilitar'etur.
1237 3002 1333 3073 Prae
1390 3023 1397 3033 ·

237 3168 243 3179 ι
355 3121 446 3196 clara
474 3121 623 3194 Platonis
652 3124 820 3194 sententia
852 3136 920 3196 cst:
957 3123 1023 3225 ὅτῳ
1054 3151 1098 3223 γε
1119 3125 1163 3232 εἰς
1190 3121 1226 3200 ἕν
1246 3152 1281 3200 τι
1301 3130 1335 3200 at

356 3239 523 3339 ἐπιθυμίαι
537 3241 668 3342 σφόδρα
687 3243 856 3339 ῥέπουσιν,
874 3241 976 3341 'leptis
998 3246 1333 3338 coat‘netmtma

357 3370 465 3466 τούτῳ
494 3363 720 3465 ιἰσθειέςεριιι,
741 3365 849 3466 ὥσπερ
876 3367 981 3464 ῥεῦμα
1000 3365 1106 3444 ἐκεῖσε
1129 3367 1333 3470 &roffam-

356 3487 467 3583 έμενον
488 3487 551 3586 (*).
600 3489 719 3586 ltaque
744 3503 890 3586 uterque
908 3491 1134 3590 philosophus
1154 3493 1200 3564 ad
1222 3519 1334 3566 unum

356 3609 457 3700 illud,
472 3612 572 3708 quod
584 3612 727 3684 maxime
744 3613 934 3708 spectabat,
954 3607 1047 3688 totus
1058 3616 1227 3708 intentus,
1235 3615 1338 3688 Plato

355 3734 401 3804 ad
424 3735 592 3808 mundum
615 3735 788 3826 moralem,
805 3735 849 3806 ad
864 3736 1043 3832 physicum
1056 3740 1226 3826 mundum
1236 3739 1340 3812 Aris·

278 3969 281 3976 ¹
389 4006 426 4076 ι’)
445 4009 485 4057 m
502 4008 607 4072 ιιιριιι.
627 4006 740 4058 arares
757 4009 787 4056 u.
847 3993 854 4006 '
