2824 5084
704 463 931 538 ...178-

328 669 399 739 hat.
449 660 518 736 Sed
539 655 760 754 Aristoteles,
778 663 864 757 qui,
887 661 991 734 misso
1010 657 1180 750 homine,
1192 661 1315 730 conti-

329 809 404 860 nuo
429 785 643 876 uuiversum,
678 807 814 857 onmem
842 783 954 875 hunc,
985 807 1054 878 qua
1087 782 1157 853 late
1184 793 1310 878 patet,

329 907 550 1008 spectabilem
578 907 748 980 mundum
771 907 940 998 attendit,
963 905 1086 1002 quidni
1105 905 1164 977 hio
1188 904 1313 974 infini-

330 1047 401 1106 tam
427 1055 543 1102 rerum
571 1032 769 1102 varietatem
804 1029 1097 1126 disquisitionibus
1119 1029 1191 1100 suis
1208 1051 1310 1100 com-

331 1156 452 1252 plexus
475 1150 566 1226 estl
622 1150 816 1225 Accedebat
847 1152 891 1224 ad
922 1154 1012 1228 vitae
1041 1177 1143 1224 usum
1173 1152 1308 1223 utilitas

329 1301 472 1350 summa,
508 1277 593 1348 Nam
612 1275 676 1348 hac
698 1278 734 1346 in
754 1277 873 1372 primis
896 1278 1028 1348 ratione
1048 1277 1186 1346 inventa
1207 1287 1310 1372 parta

329 1411 429 1488 sunt,
451 1399 577 1493 quibus
601 1399 671 1469 vita
693 1397 871 1470 hominum
893 1423 973 1470 oum
986 1399 1140 1488 suavior,
1161 1409 1240 1468 tum
1253 1408 1309 1468 tu-

330 1523 397 1593 tior
430 1520 642 1591 redderetur.
693 1520 921 1601 Veruntamen
943 1533 1082 1592 externa
1103 1518 1187 1590 haec
1208 1529 1310 1588 erant

331 1643 459 1714 omnia:
479 1667 544 1716 neo
563 1666 643 1715 vero
664 1642 830 1738 proficere
849 1641 932 1714 hinc
952 1643 1011 1713 ille
1031 1641 1076 1712 ad
1096 1641 1309 1712 verissimam

329 1764 477 1839 hominis
495 1765 710 1856 felicitatem,
730 1790 835 1862 quam
852 1767 952 1838 unice
971 1776 1182 1862 spectaverat
1193 1763 1307 1853 Plato,

329 1911 350 1958 e
382 1889 564 1960 verissimis
599 1887 794 1986 principiis
814 1887 1030 1979 ducendam,
1063 1887 1307 1981 verissimaque

330 2009 493 2083 methodo
514 2009 750 2108 explicandam
769 2021 805 2080 et
829 2009 1090 2100 stabiliendam,
1112 2010 1185 2082 ullo
1203 2008 1308 2080 modo

329 2133 455 2228 potuit.
506 2129 654 2234 Valehat
680 2131 764 2202 illuc
784 2129 1001 2227 philosophia
1013 2132 1195 2223 ¹Platonis,
1216 2155 1308 2228 quie

328 2229 448 2330 eadem
481 2265 553 2324 erat
575 2265 610 2324 et
632 2253 783 2332 veritatis
807 2252 988 2352 disciplina
1007 2269 1043 2328 ct
1062 2255 1210 2328 hominis
1229 2281 1308 2330 παι·

329 2371 421 2454 dele:
443 2372 634 2448 Aristotelis
655 2373 884 2473 philosophia,
902 2379 1057 2474 quamvis
1071 2379 1248 2469 sublimis,
1271 2391 1308 2450 et

244 2519 249 2532 ·
327 2499 437 2594 ipsam
462 2497 553 2590 ¹adeo
579 2511 737 2570 naturam
769 2501 1049 2594 transscendens,
1085 2526 1155 2574 non
1183 2500 1307 2572 valuit.

327 2619 433 2717 Ergo,
467 2622 497 2692 si
529 2621 797 2717 metaphysicam
825 2626 1015 2720 exceperis,
1040 2623 1157 2696 utilior
1173 2623 1308 2694 homini

327 2743 372 2816 ad
395 2747 587 2816 vivendum
608 2741 801 2818 Aristotelis
822 2745 1003 2845 disciplina
1022 2747 1104 2820 fuit:
1126 2746 1308 2842 disciplina

326 2891 406 2964 vero
429 2867 578 2941 Platonis
600 2869 645 2940 ad
667 2881 764 2944 recte
787 2875 980 2946 vivendum
999 2874 1166 2970 pertinuit
1183 2872 1305 2966 magis.

328 2988 419 3084 llaec
438 2993 529 3088 vitae
550 3009 752 3090 morumque
773 2997 969 3093 principia,¹
980 2997 1040 3068 illa
1058 2997 1305 3086 doctrinarum,

326 3112 371 3184 ad
394 3139 531 3190 omnem
551 3117 657 3188 vitam
680 3115 949 3214 fructuosarum,
965 3143 1119 3194 normam
1139 3119 1307 3194 continet.
