2836 5080
728 452 923 526 ...ιαμ

337 664 539 749 praecepto:
560 645 657 746 proiit
679 647 817 722 σεωυτόν
830 646 894 746 (³⁵).
917 646 1138 738 Quaeritabat
1159 635 1313 750 illofere‚

337 786 424 845 teste
441 770 684 867 Xenophonte,
698 769 784 865 quid
804 771 902 866 pium
920 781 1030 861 esset,
1053 767 1139 863 quid
1153 769 1312 866 impimn,

336 896 423 992 quid
442 897 614 991 pulcrum,
635 893 720 990 qnid
742 905 857 989 turpe,
880 892 966 988 quid
985 892 1127 982 bonum,
1142 891 1228 988 qnid
1243 917 1314 964 mn·

334 1019 426 1111 lum,
441 1019 526 1116 quid
540 1023 686 1114 justum,
706 1017 791 1112 quid
811 1017 996 1112 injustum:
1015 1014 1082 1086 hoe
1097 1038 1200 1108 agens
1217 1037 1312 1110 prae·

335 1145 457 1238 cipue,
476 1153 516 1212 ut
535 1152 668 1212 rectum
695 1138 739 1209 ad
760 1140 961 1235 sapientiam
980 1139 1047 1208 iter
1063 1137 1243 1208 inveniret.
1268 1137 1310 1207 111

335 1288 404 1361 11110
422 1262 658 1360 perscrutandi
669 1261 815 1333 hominis
835 1262 950 1334 studio
961 1261 1073 1332 virum
1085 1261 1311 1355 agnoscimus,

334 1389 395 1482 qui
427 1411 498 1458 non
527 1387 575 1456 ita
596 1383 706 1476 facile,
731 1397 872 1456 naturae
894 1385 989 1476 vitio,
1010 1385 1063 1455 sui
1086 1407 1223 1478 compos
1242 1383 1311 1455 saca

334 1523 404 1600 tus,
425 1508 560 1580 dudum
579 1507 831 1604 diligenterque
851 1521 959 1580 semet
979 1508 1093 1602 ipsum
1104 1507 1251 1583 attendit
1262 1519 1312 1578 at-

334 1655 403 1729 que
432 1631 637 1728 exploravit:
665 1631 714 1703 sie
745 1645 872 1724 autem,
893 1629 979 1727 quid
998 1629 1127 1702 homini
1145 1641 1247 1719 esset,
1271 1643 1312 1702 ut

257 1763 261 1776 '
334 1757 378 1828 ad
408 1757 570 1827 virtutem
601 1767 636 1825 et
667 1757 869 1852 sapientiam
891 1755 1104 1852 perveniret,
1127 1753 1311 1846 agendum,

333 1881 525 1976 perspicere
542 1877 688 1949 studuit.
731 1879 890 1971 ,Rogatus
920 1879 1072 1949 Socrates
1095 1902 1115 1948 a
1135 1877 1310 1972 quopiam,

333 2014 373 2074 ut
402 2001 519 2072 Cicero
538 2011 664 2090 narrat,
684 2003 833 2094 cujatem
851 1980 888 2070 se
908 2021 981 2070 esse
1001 1999 1148 2088 diceret}
1164 2001 1311 2068 monda-

258 2171 261 2176 ·
333 2149 430 2213 num,
458 2122 584 2216 inquit3
605 2123 710 2192 totius
732 2143 769 2192 se
789 2122 880 2190 anim
897 2119 1018 2192 mundi
1036 2121 1182 2192 incolam
1203 2133 1239 2190 et
1260 2121 1319 2204 01-1

333 2267 410 2314 vem
426 2242 656 2318 arbitrabatur
675 2239 748 2340 (†).
775 2242 844 2314 Neo
859 2265 939 2313 vero
958 2245 1006 2313 ita
1016 2241 1212 2314 mundanus
1224 2253 1308 2333 erat,

333 2377 372 2436 ut
389 2369 576 2439 recentiore
591 2381 700 2438 aetate
713 2363 957 2464 eosmopolitae
974 2368 1126 2460 suerunt,
1150 2369 1210 2464 qui
1222 2391 1309 2440 eon-

331 2489 462 2562 saltum
494 2493 582 2562 irent
605 2493 762 2564 universo
783 2491 933 2564 humano
953 2493 1089 2587 generi,
1110 2515 1146 2563 se
1166 2514 1247 2562 vero
1270 2513 1309 2561 no

331 2613 420 2684 cives
443 2639 522 2686 suos
542 2615 775 2708 negligerent3
793 2617 987 2710 prospicere
1005 2617 1155 2710 primum
1175 2627 1210 2684 et
1228 2637 1308 2682 ma·-

330 2735 421 2804 xime
453 2736 582 2805 civitati
609 2759 690 2806 suae
712 2733 892 2806 studebat:
909 2738 965 2827 vsio
986 2750 1101 2808 autem
1121 2737 1309 2834 prospieie-

330 2854 409 2946 bat,
432 2869 472 2928 ut
492 2857 746 2929 adolescentum
768 2853 896 2930 animos
913 2861 1007 2932 vanis
1028 2861 1245 2956 opinionibus
1268 2885 1308 2930 ae

331 2977 420 3050 fastu
452 2979 612 3050 liberaret
636 2993 671 3050 et
698 2982 747 3054 sio
766 2995 928 3076 purgatos
954 2985 1159 3080 optimarum
1191 3007 1307 3054 rerum

329 3101 444 3173 studio
474 3105 578 3198 atque
607 3103 727 3174 ardore
744 3102 982 3175 inflammaret.
1035 3105 1170 3177 Iduum
1193 3117 1306 3200 ageret

328 3249 461 3297 summo
485 3227 619 3316 studiop
632 3227 745 3298 dietus
764 3251 785 3298 a
803 3228 985 3315 Veteribus
1012 3242 1076 3320 est,
1088 3233 1219 3326 primus
1231 3229 1306 3326 phi·

328 3347 519 3442 losophiam
550 3348 731 3421 devocasse
763 3373 782 3419 e
812 3351 925 3436 coelo:
957 3351 1050 3446 quod
1074 3364 1193 3421 tamen
1212 3365 1306 3423 reete

329 3467 635 3566 interpretandum.
684 3472 781 3562 Nam,
806 3486 845 3556 ut
862 3473 1064 3544 inchoarunt
1083 3473 1154 3544 sere
1164 3489 1306 3571 poetae,

328 3592 422 3686 quod
442 3593 658 3687 perfecerunt
683 3593 903 3689 philosophi,
927 3595 973 3665 ite
997 3599 1135 3692 proprie
1158 3599 1309 3693 primun,

326 3713 390 3808 qui
411 3713 448 3792 id
469 3727 596 3807 ageret,
617 3714 860 3810 Aristophanes
881 3715 957 3787 fuit.
1008 3719 1123 3814 lpsum
1145 3719 1203 3792 hio
1219 3744 1306 3816 per-

360 3897 395 3966 (*)
420 3901 453 3949 lte
481 3899 525 3966 boe
541 3913 665 3967 praecepto
683 3901 802 3967 eleganter
817 3905 948 3970 nuperrime
966 3903 1075 3954 disseruit
1093 3909 1220 3957 Karstenus
1238 3875 1306 3958 meus

326 3989 408 4058 Symb.
427 3995 506 4045 liter.
527 3993 581 4043 vot.
600 3993 633 4044 11.
652 4011 675 4061 p.
694 3997 726 4045 57
744 4013 796 4064 sqq.
866 3999 905 4066 (†)
927 4000 1002 4050 Tuae.
1019 3999 1048 4050 V.
1062 4003 1103 4050 37.
