2836 5080
509 467 695 568 ...354

164 689 255 766 llfflo
300 693 460 786 videntur
500 693 597 788 initia
629 691 950 796 lmzdialoethw
971 689 1086 780 illim,

115 835 218 909 qnam
240 835 344 911 supra
364 815 745 912 significari,'quaeque
766 837 835 886 una
856 814 1085 888 mxime'uu

114 935 298 1018 adrerum
320 935 581 1031 exquirendum,
603 949 679 1009 tum
700 936 894 1032 adjuvabas
903 935 1084 1018 tnstieun·
1127 955 1129 958 ·

112 1057 176 1132 doe
208 1059 294 1156 apta
320 1069 403 1138 erat.
453 1060 509 1132 Sic
532 1049 661 1133 'autem'
690 1057 788 1132 lacile
809 1058 976 1154 paulatim
997 1058 1087 1161 intes

112 1181 229 1252 cives»
243 1205 320 1252 suos
353 1179 521 1252 inclaruit.
571 1183 657 1254 Nam'
688 1182 859 1276 Gorgiam,
884 1179 1083 1276 Thraspuu

110 1286 228 1394 chum,
250 1304 445 1400 similesque
463 1305 675 1378 doctissimos
696 1304 910 1401 eloquentiae
931 1304 1085 1378 donares

110 1425 364 1522 percunctando
385 1449 572 1522 aggressus,
594 1428 646 1497 uti
666 1425 921 1521 aggredientem
942 1425 1083 1499 cumvi-

110 1547 231 1620 demus
261 1550 297 1619 in
318 1547 466 1621 Platonis
488 1548 643 1642 dialogis,
664 1549 786 1646 quidni
806 1550 855 1622 sio'
874 1547 1083 1622 adeuntium

110 1671 229 1762 cuum,
258 1684 335 1742 tum
356 1673 459 1742 etiam
483 1669 737 1744 admirationem
759 1666 973 1772 munient?
996 1669 1083 1742 Βία-

111 1806 171 1865 tus-
189 1793 236 1864 ita
254 1793 405 1889 primum
424 1789 576 1889 sophista
596 1805 662 1884 est,
683 1791 896 1892 habitusqre·
911 1789 1083 1866 adeoom·

109 1916 207 1988 nium
240 1915 339 1988 facile
369 1914 599 2012 sophistarum
624 1917 851 2007 acutissimus,
865 1917 1001 2011 quippe
1022 1917 1083 2010 qui

108 2061 227 2112 omnes
267 2036 413 2136 simplici
444 2038 517 2111 illa
537 2037 782 2137 percunctandi
815 2038 1083 2136 disputandique

90 2163 240 2234 natione
269 2161 476 2234 eoulutaret:
506 2161 582 2234 tum
603 2161 696 2255 vero,
715 2163 786 2260 qu'o
806 2163 914 2256 magis
930 2164 993 2233 sul
1017 2161 1082 2234 db-

107 2283 211 2356 cendi
242 2285 298 2354 via
328 2297 364 2354 et
388 2286 519 2355 ratione
541 2285 692 2354 animum
714 2284 806 2380 oepit
827 2281 1013 2356 Alcibiadis
1033 2283 1082 2354 si-

105 2407 312 2500 miliumque
345 2407 382 2474 iu
404 2407 540 2476 civitate
557 2405 824 2496 adolescentum,
845 2429 886 2477 eo
906 2405 1023 2501 plures
1044 2407 1081 2477 in

106 2529 249 2599 civitate
271 2539 391 2598 nactus
412 2539 464 2597 est
485 2537 560 2597 tum
584 2527 721 2615 amicos,
742 2527 803 2620 qui
824 2527 939 2621 ipsum
957 2527 1081 2622 dilige·
1125 2577 1128 2584 ·

105 2663 185 2721 rent
211 2649 430 2721 vehementer
450 2659 555 2744 atque
573 2647 833 2738 admirarentur,
856 2659 932 2718 tum
953 2650 1078 2740 etiam,

106 2786 145 2842 ut
167 2772 223 2863 fit,
246 2773 412 2860 inimicos,
433 2771 492 2866 qui
510 2769 616 2865 ipsius
636 2770 766 2840 melitis
776 2769 1007 2868 laudibusque
1015 2771 1080 2843 ob-¹

108 2903 303 2966 tractarent.
354 2895 495 2984 Quodsi,
518 2891 570 2964 his
589 2893 649 2982 ite,
671 2903 712 2963 ut
732 2893 870 2988 prodita
890 2893 935 2964 ab
952 2894 1077 2989 'aequa-

108 3015 198 3088 libus
220 3028 314 3106 sunt,
337 3016 568 3105 consideratis,
591 3015 797 3110 quaerimus,
819 3040 881 3086 cur
895 3015 955 3086 ille
970 3019 1077 3088 maxi-

106 3131 160 3208 me
184 3140 322 3233 vigeute
352 3133 476 3228 aetate,
499 3156 579 3208 cum
600 3137 644 3210 ab
665 3137 739 3209 aliis
758 3137 907 3227 comicis,
931 3148 971 3208 ut
981 3135 1077 3208 Mire-

105 3256 245 3350 silocho,
277 3261 394 3351 Callia,
428 3260 592 3357 Amipsia,
615 3273 690 3332 tum
712 3260 756 3331 ab
777 3257 1015 3355 ¹Aristophane,
1037 3273 1078 3332 ut

104 3382 263 3472 vidimus,
287 3383 425 3478 publice
446 3383 491 3453 sit
511 3384 548 3452 in
569 3379 670 3452 scena
682 3381 1078 3476 traductusmempaso·

102 3502 219 3599 phista
240 3527 311 3576 esse
337 3505 612 3590 existimabatur,
633 3501 756 3574 omnes.
768 3503 1076 3600 autemsopbistas,

102 3628 301 3698 nominatim
324 3621 427 3697 etiam
446 3625 625 3698 Prodicum
647 3621 974 3723 (*)·etdemtahu1t
996 3651 1077 3724 per-

102 3751 237 3820 strinxit
259 3748 520 3845 Aristophanes,
564 3747 651 3819 Tum
673 3771 764 3840 vero,
787 3750 921 3846 quippe*
939 3748 1073 3822 Anaxa·

102 3927 346 3943 Q...-

134 4017 170 4084 (*)
190 4019 307 4068 lvctvs
326 4019 385 4066 360.
505 4033 507 4041 s

874 4055 1037 4178 ss
