2836 5080
470 527 669 600 ...59,..

73 715 150 788 illos
184 718 288 790 verbe
321 717 431 790 faeere
454 722 662 813 existimavi,
685 721 748 794 sed
771 722 840 794 tale
862 725 946 817 quisl
968 727 1053 798 mihi

72 863 252 934 nunquam
286 840 428 916 ooeidit:
461 838 531 916 οὐδ’
560 839 784 942 ἐτειιρύβητό
801 871 867 939 μιν
891 846 909 934 ἡ
931 842 1056 945 ψυχὴ,

73 957 141 1036 οὐδ’
179 960 362 1060 &pauisse
394 963 436 1043 ὡς
458 961 716 1062 &apostasiae
740 963 954 1062 διακειμένου·
976 966 1055 1042 ἀλλ’

72 1083 135 1158 esi
172 1081 310 1160 τιυτιυι·
342 1092 402 1158 τοῦ
434 1093 596 1184 Μιιρσῦιυ
629 1084 796 1170 seusus
819 1086 861 1176 δὴ
884 1089 969 1164 οὕτω
991 1087 1058 1166 διε·

71 1203 191 1298 atino,
223 1205 285 1293 ὥςέ
317 1194 375 1302 μοι
411 1205 503 1298 δόξαι
536 1212 586 1305 μὴ
620 1210 740 1304 βιωτὸν
769 1206 849 1288 ellus
875 1215 994 1313 ἔχοντι
1016 1215 1057 1293 dc

71 1329 182 1429 ἐ’χω.”
201 1330 273 1402 Est
294 1341 411 1402 sutem
432 1329 535 1418 haee,
561 1357 666 1428 quam
687 1335 754 1408 sibi
778 1336 929 1430 optimus
955 1336 1048 1431 quis.

71 1477 139 1548 que
173 1465 289 1528 orator
321 1454 468 1528 maxime
503 1467 661 1552 expetat,
699 1455 836 1528 dicendi
869 1458 932 1530 vis.
983 1457 1055 1528 De-

48 1575 285 1652 mosthenem
312 1575 497 1652 laudarunt
519 1602 637 1650 omnes
659 1579 753 1652 omni
776 1601 879 1668 aevo,
902 1579 1054 1674 quicun-

71 1722 141 1793 que
157 1712 270 1774 artem
288 1697 428 1772 dieendi
441 1699 686 1790 ‘tradideram
710 1705 852 1796 eJ'usque
873 1713 1054 1795 praestan·-

71 1821 154 1896 tiam
176 1821 345 1898 contineri
368 1822 605 1896 existimarunt
627 1821 832 1912 verborum,
859 1845 962 1916 quem
990 1847 1054 1894 vo·-

71 1957 206 2035 urunt,
226 1946 457 2042 granditate:
478 1967 541 2038 ego
561 1967 642 2018 vero
652 1943 791 2018 dicendi
802 1945 1056 2038 simplieitatem

72 2068 218 2140 maxime
239 2067 277 2136 in
298 2067 363 2140 viri
384 2067 584 2164 Philippicis
606 2067 768 2141 admiror.
807 2065 876 2138 Sed
897 2066 975 2136 talis
998 2064 1056 2134 illa

72 2201 139 2280 est,
165 2189 278 2285 qualis
303 2191 340 2262 in
365 2191 510 2266 Socratis
534 2190 762 2264 sermonibus.
805 2187 918 2260 Efficit
936 2187 1055 2259 dieen-

71 2309 132 2402 do,
158 2324 201 2385 ut
224 2313 263 2386 in
287 2325 396 2385 semet
413 2314 505 2407 ipsos
523 2310 751 2386 Athenienses
769 2311 899 2384 mentis·
915 2309 1055 2382 oculum

71 2444 289 2507 eonvertant:
314 2433 514 2522 attendant,
539 2457 645 2526 quam
670 2434 884 2525 negligenter
904 2455 959 2503 res
979 2453 1055 2525 ege·

71 2555 156 2630 rint:
189 2553 347 2644 videant,
372 2554 581 2648 negligentid
606 2553 671 2626 hae
692 2565 728 2626 et
750 2552 904 2626 socordia
926 2551 1054 2624 fastum

71 2699 166 2767 osse,
195 2687 235 2750 ut
255 2676 454 2750 dominetur
471 2677 507 2748 in
524 2678 616 2772 ipses
628 2675 823 2772 Philippus.
847 2672 949 2762 Quod
960 2684 1057 2768 pest-

73 2823 176 2893 quam
211 2797 342 2887 effecit,
380 2801 519 2894 exponit
552 2798 738 2894 deinceps,
764 2793 1056 2892 quemadmodum

73 2920 297 3016 semetipsos
322 2921 547 3016 nouissimos,
572 2943 627 2992 res
651 2945 728 2992 suas
758 2921 941 2992 restisueie
968 2941 1053 3012 pos-

74 3044 142 3118 sint
177 3067 218 3116 ae
253 3041 402 3117 facinora
438 3037 669 3140 perpetrme‚'
691 3044 845 3138 ipserum
869 3038 1056 3133 majoribus
1125 3021 1128 3028 “

75 3166 188 3260 digna.
223 3167 393 3240 Sooratiea
416 3165 502 3242 haee
526 3179 579 3239 est
604 3166 640 3238 in
661 3162 903 3238 Demosthenis
926 3158 1055 3230 oratio-
1138 3205 1142 3214 -

76 3288 177 3364 nihus
202 3290 325 3364 matio:
349 3290 462 3384 elque
485 3287 616 3362 laetum
640 3288 740 3360 uniee
764 3297 836 3374 est,
862 3295 902 3356 ut
924 3281 1050 3354 exeita·

76 3422 129 3480 ret
153 3433 195 3480 ex
218 3412 278 3482 illo
303 3435 426 3507 sopore
450 3413 542 3483 cives
567 3435 665 3500 snos,
691 3408 797 3504 hique
822 3429 939 3480 seeum
963 3404 1055 3476 invi·-

78 3555 153 3628 cem
175 3533 312 3606 virtutis
337 3559 378 3608 ee
403 3533 615 3608 lenitudinis
641 3543 816 3604 cestamen
835 3529 973 3602 iniient.
1017 3523 1056 3596 ld

79 3665 191 3730 antem
225 3655 391 3749 periinere
430 3668 544 3732 orator
579 3673 735 3730 summm
757 3673 822 3726 nee
838 3649 1056 3746 granditate

79 3776 257 3850 verborum
293 3801 407 3873 neque
442 3776 713 3874 exquisitissimis
749 3773 944 3868 quibusque
978 3768 1052 3838 elo-

81 3903 236 3992 quentiae
259 3901 392 3974 artibus
417 3901 596 3996 potuisset.
639 3892 949 3971 animadvertenda
970 3889 1053 3960 haee

82 4025 221 4095 maxime
255 4037 337 4096 sunt
369 4021 486 4112 nobis,
523 4023 551 4110 si
582 4021 719 4116 ponitus
748 4023 1051 4112 cognoscerem
