2836 5080
547 495 705 565 ...5...

145 709 199 759 me
223 691 425 778 existimavi,
448 691 507 784 qui
528 702 636 762 tantas
656 713 790 786 possem
809 689 887 758 lites
897 707 1116 782 oomponeres

144 827 383 905 veruntamen,
419 817 469 885 uti
483 825 485 830 '
500 815 646 887 advertit
677 839 732 886 me
762 839 781 884 a
803 835 911 910 puero
932 812 1112 902 tenuitque

143 957 280 1034 semper
309 951 343 1008 et
374 937 527 1010 Socrates
560 952 594 1012 et
619 939 833 1036 philosophia
856 937 1039 1020 Socratica,
1063 932 1112 1000 ita

143 1063 255 1132 virum
279 1085 480 1156 eognosoere
498 1063 638 1134 interius
662 1063 790 1153 studui,
810 1062 914 1158 idque
935 1062 989 1154 egi
1008 1057 1111 1154 potis·

144 1185 281 1274 simum,
308 1197 359 1272 ut,
384 1184 467 1280 quid
493 1185 558 1281 ipsi
580 1209 662 1280 prae
683 1188 803 1256 ceteris
826 1185 984 1257 omnibus
1005 1184 1041 1250 in
1060 1179 1111 1248 vi-

145 1319 200 1377 tae
231 1305 494 1395 consuetudine,
531 1321 606 1378 tum
641 1310 743 1378 etiam
774 1311 810 1378 in
841 1302 1112 1404 philosophando

145 1430 321 1524 proprium
344 1427 481 1519 fuisset,
506 1455 642 1527 quoque
664 1432 877 1504 excelluisset
901 1427 1111 1528 praesertim

146 1551 351 1645 indagarem.
401 1553 475 1641 Qua
507 1554 545 1622 in
576 1578 613 1626 re
633 1579 712 1626 cum
733 1567 824 1627 totus
851 1568 965 1626 mente
984 1555 1113 1624 animo-

147 1697 214 1768 que
237 1697 407 1764 versarer,
432 1675 528 1746 ecce!
553 1676 708 1748 redditus
733 1678 817 1747 mihi
841 1678 978 1749 libellus
998 1679 1034 1746 in
1052 1677 1114 1746 So·

146 1809 272 1868 cratem
297 1810 368 1887 est,
393 1809 531 1869 auctore
550 1797 851 1890 Forohhammero,
876 1825 945 1895 quo
972 1799 1113 1870 demon-

145 1932 250 1989 strare
280 1923 331 1990 vir
361 1921 575 1992 aeutissimus
608 1894 761 2012 studuit,
781 1926 859 2016 jure
882 1923 986 1991 istum
1008 1917 1115 1990 athe-

147 2046 292 2136 nienses,
317 2045 346 2115 si
370 2067 473 2140 quem
497 2044 614 2134 alium,
637 2045 774 2142 capitali
798 2045 966 2142 supplicio
986 2042 1115 2115 affecis-

145 2191 182 2238 se
201 2165 263 2264 (a)
307 2167 453 2238 Tantum
476 2191 556 2240 vero
578 2167 699 2257 abluit,
721 2182 760 2240 ut
777 2167 842 2240 hac
861 2192 923 2263 ego
945 2167 1114 2239 sententia

146 2315 166 2360 a
196 2293 370 2386 proposita
393 2289 575 2386 scriptione
597 2301 783 2381 averterer,
807 2305 846 2364 ut
869 2305 1003 2382 contra,
1026 2291 1117 2362 lecto

146 2411 284 2499 libello,
318 2413 506 2482 aromatius
547 2413 649 2482 etiam
676 2412 943 2510 diligentiusque
970 2415 1115 2485 Socratis

146 2544 303 2603 naturam
337 2544 440 2627 atque
473 2531 623 2602 indolem
655 2533 875 2629 explorarem.
924 2535 1008 2606 Nam
1030 2532 1114 2631 quid

145 2652 388 2749 Aristophanes
413 2654 457 2724 de
481 2655 553 2726 viro
575 2653 680 2726 lerme
702 2655 888 2750 singulari,
914 2657 999 2752 quid
1021 2655 1113 2752 Any-

145 2789 201 2846 tus
223 2787 258 2845 et
275 2775 424 2866 Molitus,
445 2775 530 2873 quid
548 2777 723 2849 universus
747 2778 831 2851 adeo
851 2761 1113 2876 populusilthe-

144 2900 268 2970 niensis
298 2901 572 2988 existimavisset,
604 2898 848 2995 debuissetque
876 2927 938 2974 suo
960 2915 1112 2998 tempore

144 3023 334 3093 existimare
356 3047 395 3094 ao
410 3021 577 3118 judicare,
599 3045 667 3092 non
691 3023 855 3094 morabar.
905 3022 1035 3106 Tantus
1053 3023 1113 3094 ille

50 3215 54 3224 ,
143 3143 194 3212 vir
216 3143 293 3236 fiat,
316 3155 367 3233 ut,
391 3143 500 3239 qualis
524 3154 624 3232 esset,
648 3144 800 3238 quidque
822 3142 866 3214 ad
886 3169 1036 3216 caussam
1058 3169 1112 3215 re·

175 3444 212 3514 (*)
229 3447 418 3511 losdunum,
436 3451 475 3498 dia
487 3451 594 3498 Atlsonor
604 3448 657 3496 aad
668 3449 790 3498 Socrates.
809 3446 854 3497 sea
866 3449 929 3498 conl.
946 3460 994 3496 vra
1010 3461 1109 3500 unone

141 3553 274 3603 anaema,
306 3545 424 3608 Apolops’a
449 3543 560 3592 Socratis
588 3548 673 3590 coam
700 3543 787 3590 Meliti
812 3541 923 3590 redivivi
950 3542 1108 3592 calumniam.

141 3631 274 3698 liranus,
293 3633 323 3682 de
339 3634 452 3684 Socratis
468 3636 598 3700 magistris
616 3641 640 3682 et
660 3634 797 3699 disciplina
813 3635 935 3700 juvenili.
969 3633 997 3683 G.
1018 3649 1038 3682 r.
1056 3647 1109 3682 m-

141 3735 268 3789 mnrr,
294 3725 324 3774 da
344 3729 504 3788 necessitate,
529 3724 580 3792 qud
592 3725 696 3794 judiees
713 3727 795 3774 eonati
804 3727 909 3788 fierint
927 3729 1019 3794 capitis
1038 3727 1106 3776 dorn-

139 3831 199 3864 rors
220 3817 355 3866 Socratem.
390 3816 562 3868 Praecesserum
581 3815 623 3866 lios
642 3833 694 3866 cam
708 3815 763 3882 alii,
785 3827 837 3866 turn
856 3819 882 3868 in
898 3819 981 3885 primis
992 3831 1108 3868 eunucus

141 3907 165 3956 in
182 3906 227 3957 Ed.
243 3907 328 3960 dasch.
344 3919 368 3958 et
384 3923 405 3959 r.
420 3923 440 3960 r.
457 3919 622 3973 arruntius,
637 3913 702 3974 Apol.
713 3911 780 3962 Soor.
797 3920 881 3962 corae
896 3913 1035 3963 calumnior
1045 3913 1107 3961 Ars*-

141 4001 268 4064 arapham
285 4003 312 4050 ἐπ
333 4003 417 4052 Museo
439 4001 512 4054 Helo.
530 4000 583 4052 va.
603 4000 644 4050 Vl.
