<?xml version="1.0" encoding="UTF-8"?>
<!DOCTYPE html PUBLIC "-//W3C//DTD XHTML 1.0 Transitional//EN"
    "http://www.w3.org/TR/xhtml1/DTD/xhtml1-transitional.dtd">
<html xmlns="http://www.w3.org/1999/xhtml" xml:lang="en" lang="en">
 <head>
  <title>
</title>
<meta http-equiv="Content-Type" content="text/html;charset=utf-8" />
  <meta name='ocr-system' content='tesseract 3.04.00' />
  <meta name='ocr-capabilities' content='ocr_page ocr_carea ocr_par ocr_line ocrx_word'/>
</head>
<body>
  <div class='ocr_page' id='page_1' title='image "./characterismipr00heusgoog_0267.png"; bbox 0 0 2824 5084; ppageno 0'>
   <div class='ocr_carea' id='block_1_1' title="bbox 695 425 913 498">
    <p class='ocr_par' dir='ltr' id='par_1_1' title="bbox 695 425 913 498">
     <span class='ocr_line' id='line_1_1' title="bbox 695 425 913 498; baseline 0 0"><span class='ocrx_word' id='word_1_1' title='bbox 695 425 913 498; x_wconf 58' lang='lat' dir='ltr'><strong>„mi-.-</strong></span> 
     </span>
    </p>
   </div>
   <div class='ocr_carea' id='block_1_2' title="bbox 216 624 1294 3397">
    <p class='ocr_par' dir='ltr' id='par_1_2' title="bbox 216 624 1294 3397">
     <span class='ocr_line' id='line_1_2' title="bbox 366 624 1294 720; baseline -0.002 -22"><span class='ocrx_word' id='word_1_2' title='bbox 366 625 542 698; x_wconf 78' lang='lat' dir='ltr'><strong>Probanda</strong></span> <span class='ocrx_word' id='word_1_3' title='bbox 568 628 667 698; x_wconf 86' lang='lat' dir='ltr'><strong>unice</strong></span> <span class='ocrx_word' id='word_1_4' title='bbox 691 624 952 720; x_wconf 89' lang='lat' dir='ltr'><strong>philosophandi</strong></span> <span class='ocrx_word' id='word_1_5' title='bbox 976 627 1063 695; x_wconf 84' lang='lat' dir='ltr'><strong>ratio</strong></span> <span class='ocrx_word' id='word_1_6' title='bbox 1082 637 1147 714; x_wconf 86' lang='lat' dir='ltr'><strong>cst,</strong></span> <span class='ocrx_word' id='word_1_7' title='bbox 1161 649 1225 720; x_wconf 88' lang='lat' dir='ltr'><strong>qna</strong></span> <span class='ocrx_word' id='word_1_8' title='bbox 1248 627 1294 696; x_wconf 91' lang='lat' dir='ltr'><strong>li-</strong></span> 
     </span>
     <span class='ocr_line' id='line_1_3' title="bbox 316 747 1290 846; baseline 0.002 -26"><span class='ocrx_word' id='word_1_9' title='bbox 316 751 398 820; x_wconf 87' lang='lat' dir='ltr'><strong>bere</strong></span> <span class='ocrx_word' id='word_1_10' title='bbox 417 762 597 820; x_wconf 74' lang='lat' dir='ltr'><strong>excurrant</strong></span> <span class='ocrx_word' id='word_1_11' title='bbox 617 747 812 846; x_wconf 86' lang='lat' dir='ltr'><strong>philosophi</strong></span> <span class='ocrx_word' id='word_1_12' title='bbox 832 771 894 843; x_wconf 87' lang='lat' dir='ltr'><strong>per</strong></span> <span class='ocrx_word' id='word_1_13' title='bbox 910 761 1020 819; x_wconf 89' lang='lat' dir='ltr'><strong>sectas</strong></span> <span class='ocrx_word' id='word_1_14' title='bbox 1036 767 1153 820; x_wconf 86' lang='lat' dir='ltr'><strong>omncs</strong></span> <span class='ocrx_word' id='word_1_15' title='bbox 1168 761 1204 818; x_wconf 88' lang='lat' dir='ltr'><strong>et</strong></span> <span class='ocrx_word' id='word_1_16' title='bbox 1222 771 1290 822; x_wconf 86' lang='lat' dir='ltr'><strong>seo-</strong></span> 
     </span>
     <span class='ocr_line' id='line_1_4' title="bbox 314 869 1289 967; baseline 0.002 -25"><span class='ocrx_word' id='word_1_17' title='bbox 314 885 428 942; x_wconf 81' lang='lat' dir='ltr'><strong>tarmn</strong></span> <span class='ocrx_word' id='word_1_18' title='bbox 463 871 655 962; x_wconf 77' lang='lat' dir='ltr'><strong>doctrinas,</strong></span> <span class='ocrx_word' id='word_1_19' title='bbox 689 883 730 942; x_wconf 89' lang='lat' dir='ltr'><strong>nt</strong></span> <span class='ocrx_word' id='word_1_20' title='bbox 767 869 802 939; x_wconf 93' lang='lat' dir='ltr'><strong>id</strong></span> <span class='ocrx_word' id='word_1_21' title='bbox 832 869 1061 964; x_wconf 85' lang='lat' dir='ltr'><strong>undecunque</strong></span> <span class='ocrx_word' id='word_1_22' title='bbox 1083 872 1289 967; x_wconf 76' lang='lat' dir='ltr'><strong>percipiant,</strong></span> 
     </span>
     <span class='ocr_line' id='line_1_5' title="bbox 315 991 1292 1090; baseline 0.001 -24"><span class='ocrx_word' id='word_1_23' title='bbox 315 994 410 1090; x_wconf 88' lang='lat' dir='ltr'><strong>quod</strong></span> <span class='ocrx_word' id='word_1_24' title='bbox 435 995 648 1065; x_wconf 84' lang='lat' dir='ltr'><strong>verissimum</strong></span> <span class='ocrx_word' id='word_1_25' title='bbox 674 993 910 1088; x_wconf 85' lang='lat' dir='ltr'><strong>optimumque</strong></span> <span class='ocrx_word' id='word_1_26' title='bbox 933 991 1100 1063; x_wconf 82' lang='lat' dir='ltr'><strong>videatur.</strong></span> <span class='ocrx_word' id='word_1_27' title='bbox 1155 994 1227 1066; x_wconf 86' lang='lat' dir='ltr'><strong>Nee</strong></span> <span class='ocrx_word' id='word_1_28' title='bbox 1247 1009 1292 1067; x_wconf 85' lang='lat' dir='ltr'><strong>ta-</strong></span> 
     </span>
     <span class='ocr_line' id='line_1_6' title="bbox 315 1113 1294 1211; baseline 0.001 -23"><span class='ocrx_word' id='word_1_29' title='bbox 315 1141 395 1188; x_wconf 87' lang='lat' dir='ltr'><strong>men</strong></span> <span class='ocrx_word' id='word_1_30' title='bbox 423 1118 492 1188; x_wconf 88' lang='lat' dir='ltr'><strong>sint</strong></span> <span class='ocrx_word' id='word_1_31' title='bbox 521 1116 624 1186; x_wconf 88' lang='lat' dir='ltr'><strong>iidem</strong></span> <span class='ocrx_word' id='word_1_32' title='bbox 647 1115 808 1186; x_wconf 85' lang='lat' dir='ltr'><strong>historico</strong></span> <span class='ocrx_word' id='word_1_33' title='bbox 830 1113 936 1186; x_wconf 89' lang='lat' dir='ltr'><strong>hocce</strong></span> <span class='ocrx_word' id='word_1_34' title='bbox 960 1113 1200 1211; x_wconf 77' lang='lat' dir='ltr'><strong>philosophiae</strong></span> <span class='ocrx_word' id='word_1_35' title='bbox 1222 1130 1294 1189; x_wconf 67' lang='lat' dir='ltr'><strong>stra</strong></span> 
     </span>
     <span class='ocr_line' id='line_1_7' title="bbox 314 1236 1294 1335; baseline 0.004 -26"><span class='ocrx_word' id='word_1_36' title='bbox 314 1239 373 1310; x_wconf 92' lang='lat' dir='ltr'><strong>dio</strong></span> <span class='ocrx_word' id='word_1_37' title='bbox 409 1240 573 1312; x_wconf 82' lang='lat' dir='ltr'><strong>contenti.</strong></span> <span class='ocrx_word' id='word_1_38' title='bbox 642 1236 955 1332; x_wconf 86' lang='lat' dir='ltr'><strong>Philosophandum</strong></span> <span class='ocrx_word' id='word_1_39' title='bbox 986 1238 1068 1332; x_wconf 78' lang='lat' dir='ltr'><strong>ipsis</strong></span> <span class='ocrx_word' id='word_1_40' title='bbox 1098 1250 1171 1308; x_wconf 88' lang='lat' dir='ltr'><strong>est:</strong></span> <span class='ocrx_word' id='word_1_41' title='bbox 1202 1240 1294 1335; x_wconf 78' lang='lat' dir='ltr'><strong>ipses</strong></span> 
     </span>
     <span class='ocr_line' id='line_1_8' title="bbox 313 1360 1291 1458; baseline 0 -27"><span class='ocrx_word' id='word_1_42' title='bbox 313 1361 413 1433; x_wconf 85' lang='lat' dir='ltr'><strong>decet</strong></span> <span class='ocrx_word' id='word_1_43' title='bbox 436 1361 589 1432; x_wconf 78' lang='lat' dir='ltr'><strong>oninium</strong></span> <span class='ocrx_word' id='word_1_44' title='bbox 613 1361 771 1454; x_wconf 82' lang='lat' dir='ltr'><strong>primurn</strong></span> <span class='ocrx_word' id='word_1_45' title='bbox 787 1360 1002 1454; x_wconf 79' lang='lat' dir='ltr'><strong>maximeque</strong></span> <span class='ocrx_word' id='word_1_46' title='bbox 1027 1383 1106 1430; x_wconf 87' lang='lat' dir='ltr'><strong>eum</strong></span> <span class='ocrx_word' id='word_1_47' title='bbox 1122 1371 1230 1432; x_wconf 86' lang='lat' dir='ltr'><strong>semet</strong></span> <span class='ocrx_word' id='word_1_48' title='bbox 1242 1363 1291 1458; x_wconf 88' lang='lat' dir='ltr'><strong>ip-</strong></span> 
     </span>
     <span class='ocr_line' id='line_1_9' title="bbox 312 1467 1290 1577; baseline 0 -21"><span class='ocrx_word' id='word_1_49' title='bbox 312 1509 366 1556; x_wconf 83' lang='lat' dir='ltr'><strong>sos</strong></span> <span class='ocrx_word' id='word_1_50' title='bbox 380 1467 466 1556; x_wconf 42' lang='lat' dir='ltr'><strong>&#39;tum</strong></span> <span class='ocrx_word' id='word_1_51' title='bbox 491 1484 662 1555; x_wconf 89' lang='lat' dir='ltr'><strong>hominem</strong></span> <span class='ocrx_word' id='word_1_52' title='bbox 687 1482 882 1577; x_wconf 80' lang='lat' dir='ltr'><strong>explorare,</strong></span> <span class='ocrx_word' id='word_1_53' title='bbox 907 1482 1051 1554; x_wconf 82' lang='lat' dir='ltr'><strong>uthina</strong></span> <span class='ocrx_word' id='word_1_54' title='bbox 1074 1481 1220 1577; x_wconf 81' lang='lat' dir='ltr'><strong>proiecti</strong></span> <span class='ocrx_word' id='word_1_55' title='bbox 1237 1507 1290 1556; x_wconf 87' lang='lat' dir='ltr'><strong>res</strong></span> 
     </span>
     <span class='ocr_line' id='line_1_10' title="bbox 313 1604 1289 1700; baseline 0 -24"><span class='ocrx_word' id='word_1_56' title='bbox 313 1607 478 1678; x_wconf 88' lang='lat' dir='ltr'><strong>humanas</strong></span> <span class='ocrx_word' id='word_1_57' title='bbox 499 1629 628 1696; x_wconf 92' lang='lat' dir='ltr'><strong>omnes,</strong></span> <span class='ocrx_word' id='word_1_58' title='bbox 649 1606 735 1700; x_wconf 89' lang='lat' dir='ltr'><strong>quin</strong></span> <span class='ocrx_word' id='word_1_59' title='bbox 756 1605 859 1674; x_wconf 89' lang='lat' dir='ltr'><strong>otiam</strong></span> <span class='ocrx_word' id='word_1_60' title='bbox 875 1604 1019 1694; x_wconf 86' lang='lat' dir='ltr'><strong>divinas,</strong></span> <span class='ocrx_word' id='word_1_61' title='bbox 1039 1605 1218 1700; x_wconf 87' lang='lat' dir='ltr'><strong>explorent</strong></span> <span class='ocrx_word' id='word_1_62' title='bbox 1236 1606 1289 1676; x_wconf 89' lang='lat' dir='ltr'><strong>di·</strong></span> 
     </span>
     <span class='ocr_line' id='line_1_11' title="bbox 314 1727 1290 1825; baseline 0.003 -26"><span class='ocrx_word' id='word_1_63' title='bbox 314 1729 478 1825; x_wconf 76' lang='lat' dir='ltr'><strong>ligenter,</strong></span> <span class='ocrx_word' id='word_1_64' title='bbox 501 1729 720 1823; x_wconf 85' lang='lat' dir='ltr'><strong>fructumque</strong></span> <span class='ocrx_word' id='word_1_65' title='bbox 742 1727 823 1799; x_wconf 89' lang='lat' dir='ltr'><strong>hine</strong></span> <span class='ocrx_word' id='word_1_66' title='bbox 843 1729 977 1824; x_wconf 85' lang='lat' dir='ltr'><strong>capiant</strong></span> <span class='ocrx_word' id='word_1_67' title='bbox 1007 1727 1051 1798; x_wconf 90' lang='lat' dir='ltr'><strong>ad</strong></span> <span class='ocrx_word' id='word_1_68' title='bbox 1071 1730 1204 1822; x_wconf 79' lang='lat' dir='ltr'><strong>generis</strong></span> <span class='ocrx_word' id='word_1_69' title='bbox 1227 1729 1290 1802; x_wconf 89' lang='lat' dir='ltr'><strong>hn-</strong></span> 
     </span>
     <span class='ocr_line' id='line_1_12' title="bbox 292 1851 1290 1948; baseline -0.007 -20"><span class='ocrx_word' id='word_1_70' title='bbox 292 1855 405 1928; x_wconf 86' lang='lat' dir='ltr'><strong>mani</strong></span> <span class='ocrx_word' id='word_1_71' title='bbox 424 1853 568 1926; x_wconf 88' lang='lat' dir='ltr'><strong>salutem</strong></span> <span class='ocrx_word' id='word_1_72' title='bbox 580 1851 833 1948; x_wconf 77' lang='lat' dir='ltr'><strong>provehendam</strong></span> <span class='ocrx_word' id='word_1_73' title='bbox 844 1851 1067 1921; x_wconf 84' lang='lat' dir='ltr'><strong>uberrimum.</strong></span> <span class='ocrx_word' id='word_1_74' title='bbox 1093 1851 1290 1934; x_wconf 90' lang='lat' dir='ltr'><strong>Continehit</strong></span> 
     </span>
     <span class='ocr_line' id='line_1_13' title="bbox 313 1973 1288 2072; baseline 0 -26"><span class='ocrx_word' id='word_1_75' title='bbox 313 1975 398 2048; x_wconf 85' lang='lat' dir='ltr'><strong>haec</strong></span> <span class='ocrx_word' id='word_1_76' title='bbox 428 1973 693 2072; x_wconf 89' lang='lat' dir='ltr'><strong>philosophandi</strong></span> <span class='ocrx_word' id='word_1_77' title='bbox 722 1975 809 2044; x_wconf 88' lang='lat' dir='ltr'><strong>ratio</strong></span> <span class='ocrx_word' id='word_1_78' title='bbox 833 1973 1036 2044; x_wconf 83' lang='lat' dir='ltr'><strong>Socraticam</strong></span> <span class='ocrx_word' id='word_1_79' title='bbox 1052 1997 1130 2044; x_wconf 91' lang='lat' dir='ltr'><strong>non</strong></span> <span class='ocrx_word' id='word_1_80' title='bbox 1153 1976 1288 2063; x_wconf 90' lang='lat' dir='ltr'><strong>minus,</strong></span> 
     </span>
     <span class='ocr_line' id='line_1_14' title="bbox 312 2095 1288 2192; baseline 0.001 -24"><span class='ocrx_word' id='word_1_81' title='bbox 312 2099 635 2192; x_wconf 87' lang='lat' dir='ltr'><strong>quameclecticam</strong></span> <span class='ocrx_word' id='word_1_82' title='bbox 656 2095 878 2166; x_wconf 82' lang='lat' dir='ltr'><strong>methodum:</strong></span> <span class='ocrx_word' id='word_1_83' title='bbox 899 2095 1086 2190; x_wconf 81' lang='lat' dir='ltr'><strong>pertinebit</strong></span> <span class='ocrx_word' id='word_1_84' title='bbox 1105 2109 1220 2168; x_wconf 84' lang='lat' dir='ltr'><strong>autem</strong></span> <span class='ocrx_word' id='word_1_85' title='bbox 1248 2120 1288 2168; x_wconf 89' lang='lat' dir='ltr'><strong>eo</strong></span> 
     </span>
     <span class='ocr_line' id='line_1_15' title="bbox 280 2213 1286 2310; baseline 0.002 -24"><span class='ocrx_word' id='word_1_86' title='bbox 280 2213 283 2222; x_wconf 76' lang='grc'>’</span> <span class='ocrx_word' id='word_1_87' title='bbox 311 2221 415 2305; x_wconf 87' lang='lat' dir='ltr'><strong>item,</strong></span> <span class='ocrx_word' id='word_1_88' title='bbox 436 2217 529 2310; x_wconf 91' lang='lat' dir='ltr'><strong>qnod</strong></span> <span class='ocrx_word' id='word_1_89' title='bbox 550 2239 618 2285; x_wconf 91' lang='lat' dir='ltr'><strong>non</strong></span> <span class='ocrx_word' id='word_1_90' title='bbox 635 2214 867 2310; x_wconf 86' lang='lat' dir='ltr'><strong>spernendum</strong></span> <span class='ocrx_word' id='word_1_91' title='bbox 886 2214 1039 2310; x_wconf 89' lang='lat' dir='ltr'><strong>profecto</strong></span> <span class='ocrx_word' id='word_1_92' title='bbox 1057 2229 1130 2307; x_wconf 78' lang='lat' dir='ltr'><strong>ert,</strong></span> <span class='ocrx_word' id='word_1_93' title='bbox 1147 2230 1187 2288; x_wconf 78' lang='lat' dir='ltr'><strong>ut</strong></span> <span class='ocrx_word' id='word_1_94' title='bbox 1205 2217 1286 2288; x_wconf 84' lang='lat' dir='ltr'><strong>reli·</strong></span> 
     </span>
     <span class='ocr_line' id='line_1_16' title="bbox 312 2337 1288 2434; baseline 0.004 -26"><span class='ocrx_word' id='word_1_95' title='bbox 312 2339 459 2432; x_wconf 57' lang='lat' dir='ltr'><strong>ponem,</strong></span> <span class='ocrx_word' id='word_1_96' title='bbox 473 2361 577 2433; x_wconf 86' lang='lat' dir='ltr'><strong>quam</strong></span> <span class='ocrx_word' id='word_1_97' title='bbox 586 2337 801 2432; x_wconf 84' lang='lat' dir='ltr'><strong>profitemur,</strong></span> <span class='ocrx_word' id='word_1_98' title='bbox 818 2361 897 2408; x_wconf 89' lang='lat' dir='ltr'><strong>cum</strong></span> <span class='ocrx_word' id='word_1_99' title='bbox 910 2337 1138 2434; x_wconf 80' lang='lat' dir='ltr'><strong>philosophia,</strong></span> <span class='ocrx_word' id='word_1_100' title='bbox 1150 2341 1207 2410; x_wconf 87' lang='lat' dir='ltr'><strong>eui</strong></span> <span class='ocrx_word' id='word_1_101' title='bbox 1215 2353 1288 2412; x_wconf 74' lang='lat' dir='ltr'><strong>stu-</strong></span> 
     </span>
     <span class='ocr_line' id='line_1_17' title="bbox 310 2461 1288 2556; baseline 0.002 -24"><span class='ocrx_word' id='word_1_102' title='bbox 310 2461 451 2552; x_wconf 89' lang='lat' dir='ltr'><strong>demus,</strong></span> <span class='ocrx_word' id='word_1_103' title='bbox 473 2465 718 2556; x_wconf 80' lang='lat' dir='ltr'><strong>conjungamus</strong></span> <span class='ocrx_word' id='word_1_104' title='bbox 739 2471 830 2554; x_wconf 85' lang='lat' dir='ltr'><strong>apte.</strong></span> <span class='ocrx_word' id='word_1_105' title='bbox 883 2461 1111 2532; x_wconf 77' lang='lat' dir='ltr'><strong>Veruntamen</strong></span> <span class='ocrx_word' id='word_1_106' title='bbox 1134 2462 1288 2534; x_wconf 88' lang='lat' dir='ltr'><strong>studium</strong></span> 
     </span>
     <span class='ocr_line' id='line_1_18' title="bbox 312 2583 1288 2686; baseline -0.001 -28"><span class='ocrx_word' id='word_1_107' title='bbox 312 2585 366 2658; x_wconf 90' lang='lat' dir='ltr'><strong>his</strong></span> <span class='ocrx_word' id='word_1_108' title='bbox 396 2585 555 2656; x_wconf 89' lang='lat' dir='ltr'><strong>omnihus</strong></span> <span class='ocrx_word' id='word_1_109' title='bbox 579 2597 615 2656; x_wconf 85' lang='lat' dir='ltr'><strong>et</strong></span> <span class='ocrx_word' id='word_1_110' title='bbox 639 2583 781 2686; x_wconf 76' lang='lat' dir='ltr'><strong>lacultas</strong></span> <span class='ocrx_word' id='word_1_111' title='bbox 805 2583 1032 2679; x_wconf 82' lang='lat' dir='ltr'><strong>adjungatur,</strong></span> <span class='ocrx_word' id='word_1_112' title='bbox 1058 2585 1127 2656; x_wconf 88' lang='lat' dir='ltr'><strong>imo</strong></span> <span class='ocrx_word' id='word_1_113' title='bbox 1151 2609 1288 2680; x_wconf 87' lang='lat' dir='ltr'><strong>praeee-</strong></span> 
     </span>
     <span class='ocr_line' id='line_1_19' title="bbox 311 2706 1287 2810; baseline 0 -31"><span class='ocrx_word' id='word_1_114' title='bbox 311 2708 372 2780; x_wconf 89' lang='lat' dir='ltr'><strong>dat</strong></span> <span class='ocrx_word' id='word_1_115' title='bbox 395 2730 531 2810; x_wconf 75' lang='lat' dir='ltr'><strong>necesse</strong></span> <span class='ocrx_word' id='word_1_116' title='bbox 554 2720 618 2797; x_wconf 83' lang='lat' dir='ltr'><strong>ost,</strong></span> <span class='ocrx_word' id='word_1_117' title='bbox 645 2709 795 2778; x_wconf 80' lang='lat' dir='ltr'><strong>veritatis</strong></span> <span class='ocrx_word' id='word_1_118' title='bbox 811 2706 1043 2778; x_wconf 80' lang='lat' dir='ltr'><strong>inveniendae.</strong></span> <span class='ocrx_word' id='word_1_119' title='bbox 1083 2707 1175 2795; x_wconf 87' lang='lat' dir='ltr'><strong>Quid</strong></span> <span class='ocrx_word' id='word_1_120' title='bbox 1196 2709 1287 2779; x_wconf 86' lang='lat' dir='ltr'><strong>enim</strong></span> 
     </span>
     <span class='ocr_line' id='line_1_20' title="bbox 216 2827 1284 2926; baseline 0.003 -27"><span class='ocrx_word' id='word_1_121' title='bbox 216 2863 219 2870; x_wconf 95' lang='lat'><em>·</em></span> <span class='ocrx_word' id='word_1_122' title='bbox 310 2831 384 2900; x_wconf 85' lang='lat' dir='ltr'><strong>sinc</strong></span> <span class='ocrx_word' id='word_1_123' title='bbox 410 2830 555 2899; x_wconf 81' lang='lat' dir='ltr'><strong>veritate</strong></span> <span class='ocrx_word' id='word_1_124' title='bbox 590 2829 806 2926; x_wconf 84' lang='lat' dir='ltr'><strong>philosophia</strong></span> <span class='ocrx_word' id='word_1_125' title='bbox 842 2827 920 2901; x_wconf 84' lang='lat' dir='ltr'><strong>est‘?</strong></span> <span class='ocrx_word' id='word_1_126' title='bbox 971 2827 1045 2924; x_wconf 76' lang='lat' dir='ltr'><strong>Age</strong></span> <span class='ocrx_word' id='word_1_127' title='bbox 1068 2853 1149 2924; x_wconf 74' lang='lat' dir='ltr'><strong>ergo</strong></span> <span class='ocrx_word' id='word_1_128' title='bbox 1176 2837 1284 2904; x_wconf 76' lang='lat' dir='ltr'><strong>criti·</strong></span> 
     </span>
     <span class='ocr_line' id='line_1_21' title="bbox 242 2951 1286 3052; baseline 0.006 -30"><span class='ocrx_word' id='word_1_129' title='bbox 242 3048 244 3052; x_wconf 21' lang='lat'>¹</span> <span class='ocrx_word' id='word_1_130' title='bbox 310 2954 390 3022; x_wconf 79' lang='lat' dir='ltr'><strong>com·</strong></span> <span class='ocrx_word' id='word_1_131' title='bbox 412 2951 655 3040; x_wconf 74' lang='lat' dir='ltr'><strong>adhibeamus,</strong></span> <span class='ocrx_word' id='word_1_132' title='bbox 683 2977 751 3024; x_wconf 91' lang='lat' dir='ltr'><strong>non</strong></span> <span class='ocrx_word' id='word_1_133' title='bbox 777 2953 888 3026; x_wconf 89' lang='lat' dir='ltr'><strong>solum</strong></span> <span class='ocrx_word' id='word_1_134' title='bbox 904 2977 971 3026; x_wconf 88' lang='lat' dir='ltr'><strong>nos</strong></span> <span class='ocrx_word' id='word_1_135' title='bbox 988 2957 1192 3046; x_wconf 79' lang='lat' dir='ltr'><strong>eclecticos,</strong></span> <span class='ocrx_word' id='word_1_136' title='bbox 1218 2979 1286 3028; x_wconf 88' lang='lat' dir='ltr'><strong>non</strong></span> 
     </span>
     <span class='ocr_line' id='line_1_22' title="bbox 308 3077 1284 3177; baseline 0.002 -27"><span class='ocrx_word' id='word_1_137' title='bbox 308 3077 422 3150; x_wconf 84' lang='lat' dir='ltr'><strong>solum</strong></span> <span class='ocrx_word' id='word_1_138' title='bbox 455 3077 681 3168; x_wconf 73' lang='lat' dir='ltr'><strong>Socraticos,</strong></span> <span class='ocrx_word' id='word_1_139' title='bbox 714 3077 927 3170; x_wconf 85' lang='lat' dir='ltr'><strong>sedetiam,</strong></span> <span class='ocrx_word' id='word_1_140' title='bbox 957 3092 1066 3174; x_wconf 88' lang='lat' dir='ltr'><strong>atque</strong></span> <span class='ocrx_word' id='word_1_141' title='bbox 1083 3083 1284 3177; x_wconf 79' lang='lat' dir='ltr'><strong>praecipue,</strong></span> 
     </span>
     <span class='ocr_line' id='line_1_23' title="bbox 308 3201 1284 3301; baseline 0.006 -29"><span class='ocrx_word' id='word_1_142' title='bbox 308 3207 503 3274; x_wconf 76' lang='lat' dir='ltr'><strong>criticos</strong></span> <span class='ocrx_word' id='word_1_143' title='bbox 527 3201 748 3297; x_wconf 84' lang='lat' dir='ltr'><strong>profiteamur</strong></span> <span class='ocrx_word' id='word_1_144' title='bbox 772 3203 1003 3301; x_wconf 86' lang='lat' dir='ltr'><strong>philosophos.</strong></span> <span class='ocrx_word' id='word_1_145' title='bbox 1046 3202 1139 3278; x_wconf 73' lang='lat' dir='ltr'><strong>Vere*</strong></span> <span class='ocrx_word' id='word_1_146' title='bbox 1163 3210 1284 3279; x_wconf 80' lang='lat' dir='ltr'><strong>obros-</strong></span> 
     </span>
     <span class='ocr_line' id='line_1_24' title="bbox 308 3321 747 3397; baseline 0.005 -3"><span class='ocrx_word' id='word_1_147' title='bbox 308 3350 351 3395; x_wconf 78' lang='lat' dir='ltr'><strong>sar</strong></span> <span class='ocrx_word' id='word_1_148' title='bbox 376 3330 510 3397; x_wconf 69' lang='lat' dir='ltr'><strong>critice</strong></span> <span class='ocrx_word' id='word_1_149' title='bbox 530 3341 596 3396; x_wconf 51' lang='lat' dir='ltr'><strong>¹est</strong></span> <span class='ocrx_word' id='word_1_150' title='bbox 745 3321 747 3329; x_wconf 19' lang='lat' dir='ltr'><strong>l</strong></span> 
     </span>
    </p>
   </div>
   <div class='ocr_carea' id='block_1_3' title="bbox 308 3446 1402 3666">
    <p class='ocr_par' dir='ltr' id='par_1_3' title="bbox 308 3446 1402 3666">
     <span class='ocr_line' id='line_1_25' title="bbox 356 3446 1402 3548; baseline 0.001 -30"><span class='ocrx_word' id='word_1_151' title='bbox 356 3446 536 3523; x_wconf 81' lang='lat' dir='ltr'><strong>Caeterum</strong></span> <span class='ocrx_word' id='word_1_152' title='bbox 553 3447 832 3544; x_wconf 81' lang='lat' dir='ltr'><strong>praecipiendum</strong></span> <span class='ocrx_word' id='word_1_153' title='bbox 852 3447 928 3521; x_wconf 82' lang='lat' dir='ltr'><strong>hoo</strong></span> <span class='ocrx_word' id='word_1_154' title='bbox 941 3449 1198 3522; x_wconf 86' lang='lat' dir='ltr'><strong>item-omnihus</strong></span> <span class='ocrx_word' id='word_1_155' title='bbox 1209 3451 1287 3548; x_wconf 88' lang='lat' dir='ltr'><strong>phi·</strong></span> <span class='ocrx_word' id='word_1_156' title='bbox 1401 3521 1402 3534; x_wconf 50' lang='lat'><strong>,</strong></span> 
     </span>
     <span class='ocr_line' id='line_1_26' title="bbox 308 3557 1402 3666; baseline 0.005 -28"><span class='ocrx_word' id='word_1_157' title='bbox 308 3569 458 3664; x_wconf 87' lang='lat' dir='ltr'><strong>losophis</strong></span> <span class='ocrx_word' id='word_1_158' title='bbox 479 3571 824 3666; x_wconf 74' lang='lat' dir='ltr'><strong>et-tpraesentibuset</strong></span> <span class='ocrx_word' id='word_1_159' title='bbox 842 3572 1135 3664; x_wconf 74' lang='lat' dir='ltr'><strong>hatarisvidetur,</strong></span> <span class='ocrx_word' id='word_1_160' title='bbox 1148 3587 1200 3665; x_wconf 84' lang='lat' dir='ltr'><strong>ut,</strong></span> <span class='ocrx_word' id='word_1_161' title='bbox 1212 3577 1284 3646; x_wconf 69' lang='lat' dir='ltr'><strong>site</strong></span> <span class='ocrx_word' id='word_1_162' title='bbox 1401 3557 1402 3574; x_wconf 41' lang='lat'><strong>³</strong></span> 
     </span>
    </p>
   </div>
   <div class='ocr_carea' id='block_1_4' title="bbox 307 3818 1282 3916">
    <p class='ocr_par' dir='ltr' id='par_1_4' title="bbox 307 3818 1282 3916">
     <span class='ocr_line' id='line_1_27' title="bbox 307 3818 1282 3916; baseline 0.009 -33"><span class='ocrx_word' id='word_1_163' title='bbox 307 3828 480 3909; x_wconf 87' lang='lat' dir='ltr'><strong>quantur,</strong></span> <span class='ocrx_word' id='word_1_164' title='bbox 498 3829 660 3886; x_wconf 89' lang='lat' dir='ltr'><strong>neutrum</strong></span> <span class='ocrx_word' id='word_1_165' title='bbox 677 3831 863 3912; x_wconf 86' lang='lat' dir='ltr'><strong>sequantur</strong></span> <span class='ocrx_word' id='word_1_166' title='bbox 879 3819 1002 3890; x_wconf 86' lang='lat' dir='ltr'><strong>solum.</strong></span> <span class='ocrx_word' id='word_1_167' title='bbox 1053 3821 1160 3912; x_wconf 90' lang='lat' dir='ltr'><strong>Nam,</strong></span> <span class='ocrx_word' id='word_1_168' title='bbox 1186 3818 1282 3916; x_wconf 88' lang='lat' dir='ltr'><strong>quod</strong></span> 
     </span>
    </p>
   </div>
   <div class='ocr_carea' id='block_1_5' title="bbox 127 3927 1284 4050">
    <p class='ocr_par' dir='ltr' id='par_1_5' title="bbox 127 3927 1284 4050">
     <span class='ocr_line' id='line_1_28' title="bbox 127 3927 1284 4050; baseline 0.011 -46"><span class='ocrx_word' id='word_1_169' title='bbox 127 3937 134 3950; x_wconf 83' lang='lat'>&#39;</span> <span class='ocrx_word' id='word_1_170' title='bbox 192 4031 198 4050; x_wconf 24' lang='lat' dir='ltr'>x</span> <span class='ocrx_word' id='word_1_171' title='bbox 311 3961 421 4033; x_wconf 83' lang='lat' dir='ltr'><strong>nuper</strong></span> <span class='ocrx_word' id='word_1_172' title='bbox 457 3939 627 4008; x_wconf 82' lang='lat' dir='ltr'><strong>verissime</strong></span> <span class='ocrx_word' id='word_1_173' title='bbox 651 3941 886 4036; x_wconf 78' lang='lat' dir='ltr'><strong>pronunciavit</strong></span> <span class='ocrx_word' id='word_1_174' title='bbox 911 3927 1103 4036; x_wconf 82' lang='lat' dir='ltr'><strong>praeclarus</strong></span> <span class='ocrx_word' id='word_1_175' title='bbox 1128 3943 1284 4038; x_wconf 57' lang='lat' dir='ltr'><strong>philostr*</strong></span> 
     </span>
    </p>
   </div>
   <div class='ocr_carea' id='block_1_6' title="bbox 172 3689 1280 3790">
    <p class='ocr_par' dir='ltr' id='par_1_6' title="bbox 172 3683 1402 3790">
     <span class='ocr_line' id='line_1_29' title="bbox 172 3689 1280 3790; baseline -0.001 -26"><span class='ocrx_word' id='word_1_176' title='bbox 172 3770 181 3780; x_wconf 27' lang='lat' dir='ltr'>q</span> <span class='ocrx_word' id='word_1_177' title='bbox 308 3693 345 3761; x_wconf 93' lang='lat' dir='ltr'><strong>in</strong></span> <span class='ocrx_word' id='word_1_178' title='bbox 371 3689 643 3790; x_wconf 86' lang='lat' dir='ltr'><strong>philosophando</strong></span> <span class='ocrx_word' id='word_1_179' title='bbox 667 3695 862 3786; x_wconf 88' lang='lat' dir='ltr'><strong>Platonem,</strong></span> <span class='ocrx_word' id='word_1_180' title='bbox 888 3697 959 3767; x_wconf 84' lang='lat' dir='ltr'><strong>sive</strong></span> <span class='ocrx_word' id='word_1_181' title='bbox 989 3695 1207 3770; x_wconf 84' lang='lat' dir='ltr'><strong>Aristotelem</strong></span> <span class='ocrx_word' id='word_1_182' title='bbox 1228 3718 1280 3767; x_wconf 86' lang='lat' dir='ltr'><strong>se·</strong></span> 
     </span>
    </p>
   </div>
   <div class='ocr_carea' id='block_1_7' title="bbox 0 0 1416 5084">
    <p class='ocr_par' dir='ltr' id='par_1_7' title="bbox 0 0 1416 5084">
     <span class='ocr_line' id='line_1_30' title="bbox 0 0 1416 5084; baseline 0 2"><span class='ocrx_word' id='word_1_183' title='bbox 0 0 1416 5084; x_wconf 95' lang='lat' dir='ltr'><strong> </strong></span> 
     </span>
    </p>
   </div>
  </div>
 </body>
</html>
