2824 5084
783 473 853 546 204

333 692 437 748 retur.
466 677 538 747 Hoc
563 697 642 744 vero
665 697 734 768 quo
759 671 897 742 taudem
920 672 1033 742 auimo
1056 670 1145 740 ferre
1169 696 1209 742 ac
1222 672 1304 743 tole·

333 823 406 870 rare
441 797 537 868 Plato
570 790 736 891 poterat?
792 793 965 888 Ingratum
990 791 1025 861 id
1051 791 1136 863 adeo
1161 793 1308 888 prodere
1404 787 1405 860 J

334 921 497 1016 discipuli
515 921 668 990 animum
688 917 890 1006 videbatur,
913 917 973 1010 qui
992 915 1146 986 eruditus
1163 917 1213 987 ‘ab
1234 919 1308 1012 ipso

335 1055 524 1139 auctusque
546 1041 725 1130 doctrina,
751 1063 843 1110 nunc
865 1039 901 1106 in
921 1039 1121 1131 magistrmn
1141 1041 1240 1133 quasi
1255 1062 1308 1108 re-
1404 1017 1405 1021 Ἰ

335 1167 535 1240 calcitraret.
586 1163 742 1234 Habebat
766 1185 846 1232 vero
869 1172 988 1232 contra
1011 1159 1225 1256 discipulus,
1250 1187 1309 1234 cur

297 1327 298 1334 κ
335 1313 484 1378 novum,
509 1285 604 1382 quod
627 1287 844 1372 instituerat,
870 1284 935 1354 iter
959 1307 1022 1354 suo
1049 1285 1123 1379 ipse
1142 1295 1254 1355 marte
1275 1296 1308 1354 et
1404 1295 1405 1338 t

336 1415 466 1484 naviter
485 1419 755 1506 persequeretur.
790 1407 874 1478 Nam
894 1407 1045 1501 primum
1055 1405 1226 1477 mundum
1238 1431 1311 1477 mu
1347 1476 1349 1485 ,

137 1535 141 1546 ’
337 1534 442 1606 ralem
472 1537 545 1626 jam
570 1543 682 1602 totum
712 1531 885 1625 aperuisse
905 1529 1058 1602 Socrates
1082 1541 1118 1598 et
1141 1529 1239 1600 Plato
1262 1531 1310 1598 vi-

337 1655 526 1730 debantur:
545 1654 666 1750 quidni
683 1679 776 1724 nunc
791 1655 865 1748 ipse
879 1653 1058 1748 physicum
1079 1651 1248 1748 aperiret?
1273 1633 1311 1723 El

338 1769 417 1848 voro
436 1801 455 1847 a
473 1779 633 1872 magistro
655 1775 815 1848 cernendi
832 1774 1068 1870 jungendique
1091 1787 1199 1847 artem
1221 1799 1309 1847 acee-

338 1913 456 1996 perat,
480 1925 548 1996 qua
564 1900 601 1972 id
620 1902 803 1996 pariter'et
828 1911 942 1994 posset
965 1910 1000 1968 et
1011 1897 1154 1973 deberet
1165 1900 1308 1970 institui.

337 2023 468 2094 Deinde
491 2021 778 2117 quemadmodum
800 2021 919 2093 doceri.
939 2021 983 2092 ad
1004 2020 1199 2092 acuendum
1221 2023 1311 2116 inge-

338 2149 434 2216 nium
453 2146 664 2214 arithmetica
688 2156 723 2214 et
745 2145 927 2236 geometria
948 2120 1127 2236 deberent,
1148 2146 1231 2216 satis
1246 2145 1311 2215 ,de-

338 2278 580 2338 monstraverat
600 2265 717 2337 Plato:
738 2263 829 2336 idem
852 2290 931 2338 vero
954 2279 1133 2362 utramque
1159 2268 1248 2338 male
1268 2267 1311 2336 ad

338 2411 391 2460 res
410 2389 541 2460 divinas
561 2401 595 2460 et
612 2387 775 2460 humanas
799 2373 1202 2462 converteratNumeris
1222 2391 1310 2464 enim

339 2512 487 2584 Platonis
519 2511 618 2606 quid·
636 2523 709 2582 erat
731 2508 912 2606 ineptius?
954 2511 1087 2600 'Quidni
1101 2513 1215 2606 ‚igitur
1241 2513 1315 2608 ipse

218 2728 222 2734 Ι
340 2635 493 2708 easdem.
507 2633 771 2729 disciplinasad
794 2647 885 2706 recte
908 2627 1119 2708 tractandam
1142 2635 1316 2706 mechani-
1399 2637 1403 2680 ·‘

252 2848 255 2854 1
340 2781 426 2846 cam,
449 2757 698 2845 astronomiam,
715 2759 825 2850 ipsam
846 2756 931 2829 adeo
953 2757 1098 2852 logicam
1110 2755 1316 2853 usurparet?
1398 2750 1403 2805 l

338 2861 443 2962 Porro
469 2875 720 2972 philosophiam
742 2877 838 2950 Plato
855 2880 1319 2975 recte‚praeceper·at,insti-
1398 2902 1403 2937 ε

325 3000 511 3072 ‘tutionem
531 3021 605 3104 esse
629 2997 792 3076 hominis:
815 3012 1037 3076 veruntamen
1056 3000 1182 3092 homo,
1207 3015 1248 3074 ut
1265 3027 1317 3074 se-

342 3125 411 3198 mel
431 3135 504 3194 erat
519 3123 698 3194 institutus
718 3123 943 3219 excultosque
959 3125 1052 3214 satis,
1076 3125 1237 3220 progredi
1254 3126 1318 3196 de-

344 3248 432 3319 bore
462 3245 640 3316 videbatur
670 3243 714 3314 ad
747 3245 916 3322 doctrinas
949 3246 1067 3321 dedita
1084 3271 1192 3342 ,opera
1215 3261 1319 3344 atquc

345 3371 389 3442 ad
419 3354 593 3467 publicam
611 3368 756 3440 salutem
777 3369 987 3443 tractandas:
1006 3371 1102 3443 Plato
1128 3395 1211 3448 vero
1237 3375 1324 3458 illuc,

346 3519 415 3566 non
448 3514 653 3587 magnopere
675 3493 827 3564 animum
849 3493 1050 3576 adverterat.
1070 3559 1073 3564 r
1101 3494 1233 3582 Quidni
1256 3498 1321 3590 igi-
1407 3573 1408 3576 ,

272 3663 274 3670 ›
346 3629 403 3686 tur
433 3613 474 3682 id
502 3616 588 3709 ipse.
609 3613 873 3709 aggrederetur?
921 3615 1067 3706 Quidni,
1094 3629 1136 3688 ut
1165 3617 1321 3711 philosoz
1406 3631 1409 3720 J

346 3737 462 3834 phiam
486 3741 649 3830 magister¹
662 3737 846 3814 tradiderat
870 3721 974 3833 atque
998 3740 1247 3832 illustraverat,
1269 3745 1322 3814 ita

346 3864 420 3956 ipse
445 3859 614 3931 doctrinas
636 3861 671 3928 in
696 3861 772 3932 luce
790 3861 961 3956 poneret?
1011 3865 1112 3954 Quod
1132 3880 1248 3938 autem
1277 3870 1321 3938 ad

287 4067 290 4074 ἱ
345 3982 954 4080 demonstrandum,refutandumque
977 3989 1191 4082 potissimum
1215 3990 1322 4060 adhi-
