2836 5080
477 1155 810 1229 PRAEFATIO.

554 1465 714 1489 μὴ...

210 1713 338 1800 Tendit
371 1735 495 1798 saccelli
527 1737 635 1797 nostri
651 1735 864 1823 philosophia
885 1733 933 1798 ad
951 1727 1130 1800 ocleatini

157 1871 244 1914 mum
267 1849 425 1928 manime,
451 1855 488 1910 ut
512 1850 546 1909 in
573 1869 678 1910 omnes
704 1850 805 1910 omnis
829 1851 904 1911 aeui
928 1870 997 1912 eum
1014 1849 1131 1937 philo-'

160 1961 297 2050 sophos,
329 1969 395 2023 tum
416 1967 540 2035 sectas,
562 1968 628 2022 tum
647 1958 873 2022 doctrinarum
887 1960 1057 2046 formulas
1081 1964 1131 2024 in-

161 2077 332 2162 quiramus
340 2094 354 2146 ‚⁸
371 2073 486 2161 quibus
500 2074 686 2162 exploratis
700 2072 880 2160 diligenter
901 2076 1043 2160 salisque
1061 2096 1134 2163 eog-

162 2192 258 2265 nitis‚
284 2191 406 2277 optima
432 2187 509 2252 inde
530 2205 672 2275 quaeque
694 2187 876 2273 eligamus,
897 2189 1064 2252 mittamus
1081 2211 1134 2252 re-

161 2301 264 2389 liqua.
311 2297 458 2389 Dignum
475 2300 673 2389 philosopho
696 2303 923 2388 propositum;
954 2300 1015 2364 sed
1027 2323 1134 2390 prac-

160 2412 272 2479 cedere
296 2414 540 2476 eclecticismum
563 2415 781 2492 criticismus,
797 2416 863 2475 siue
886 2416 1007 2478 critica
1027 2415 1134 2501 philo-

162 2524 327 2614 saphandi
347 2523 527 2603 methodus,
552 2513 655 2604 debet..
673 2522 777 2603 Nam,
797 2533 994 2610 anteaquam
1014 2528 1136 2614 eligas,

161 2619 248 2702 crisi
282 2645 314 2700 et
346 2658 456 2699 rerum
487 2635 683 2699 discretione
707 2657 786 2723 opus
812 2644 881 2699 est:
902 2659 998 2723 quam
1021 2642 1059 2701 ni
1079 2643 1134 2720 in-

162 2751 330 2824 stitueris,
361 2751 396 2810 in
427 2751 672 2834 syncretismum
697 2748 886 2812 delabamur
915 2772 1040 2815 necesse
1066 2760 1136 2828 est,

161 2885 223 2950 quo
246 2863 335 2925 nihil
363 2883 433 2924 esse
455 2883 636 2948 germanae
659 2861 891 2950 philosophiae
908 2867 1135 2951 perniciosius

159 2983 285 3062 potest,
303 2976 424 3062 quippe
445 2997 506 3059 quo
522 2976 722 3037 misceantur
741 2983 772 3036 et
790 2975 998 3039 obscurentur
1017 2981 1158 3040 omnia·

169 3086 399 3173 Quamobrem,
421 3111 483 3174 quo
503 3091 611 3176 magis
620 3087 771 3186 ¹equidem
786 3110 950 3178 generosa
969 3090 1135 3154 haectem-

158 3223 280 3288 porum
301 3208 488 3266 nostrornm
508 3200 620 3264 studia
642 3199 849 3286 adjuvarem,
874 3205 1013 3267 criticas
1037 3205 1137 3266 insti·
1230 3231 1233 3244 ¹

166 3317 215 3376 tui
240 3314 278 3378 de
298 3322 439 3401 veterum
458 3313 727 3402 philosophorum
744 3313 955 3402 principibus
978 3315 1140 3403 disquisi-

167 3427 289 3508 tiones,
321 3427 378 3491 hoc
409 3447 513 3516 agens
542 3429 702 3508 manime,
728 3434 764 3490 ut
783 3448 852 3490 curn
870 3428 1039 3513 ipsorum,
1074 3437 1139 3491 tum

164 3539 412 3628 philosophiae,
443 3564 539 3628 qnam
569 3540 810 3629 prodiderunt,
836 3540 1056 3605 characterem
1081 3563 1140 3604 ea-

160 3657 353 3743 primerem.
403 3653 508 3720 Orsus
527 3680 548 3719 a
574 3652 728 3734 Socrate,
747 3663 889 3742 parente
895 3641 1141 3744 philosophiae,

167 3768 243 3832 hine
261 3768 310 3832 ad
320 3767 509 3848 Platonem,
533 3767 670 3854 indeque
691 3765 739 3830 ad
751 3766 960 3831 Aristotelem
973 3771 1141 3856 processi:

168 3889 234 3942 tum
252 3883 387 3968 priseos
413 3881 604 3968 exploravi,
627 3882 686 3966 qui
711 3879 768 3942 hos
787 3889 1058 3968 praecesserunt,
1087 3904 1141 3944 sa-

161 3995 312 4078 pientes,
342 3991 524 4068 Thaletem,
547 3991 795 4081 Xenophanem,
818 3993 1066 4082 Pythagoram,
1084 3990 1144 4058 So-
