2836 5080
717 465 934 537 ..leis-s

657 777 972 871 socienno,

457 999 697 1060 QUEMADMODUH
718 1002 751 1048 nt
775 1000 1000 1048 rmnosorlssslt
1024 999 1169 1048 HISTORIA

752 1121 878 1170 Puonlr.

378 1293 445 1362 Sed
466 1293 518 1362 vir
539 1293 639 1364 nobis
661 1293 800 1364 tandem
823 1303 916 1364 totus
937 1289 1202 1364 considerandus
1224 1315 1300 1383 cog·

329 1417 588 1512 noscendusque
608 1419 680 1488 ost.'
703 1418 908 1512 Conjunotas
930 1441 1009 1488 cum
1026 1415 1136 1486 insitis
1156 1414 1301 1508 quibus-

329 1539 409 1608 dam
443 1551 583 1610 naturae
612 1539 722 1630 vitiis,
757 1538 972 1610 admirabiles
1010 1539 1047 1608 in
1076 1542 1148 1632 ejus
1183 1535 1303 1606 indole

330 1673 434 1756 utque
456 1661 611 1755 ingenio,
635 1661 732 1733 dotes
755 1663 969 1756 virtutesque
987 1657 1303 1750 animadvertimus,

329 1809 409 1856 oum
441 1783 522 1855 aiios
556 1785 702 1874 multas,
736 1797 812 1856 tum
842 1783 1042 1880 praesertim
1065 1779 1302 1876 miramhillam

330 2063 380 2116 toa,
399 2070 466 2102 nemo
477 2071 524 2102 nou
534 2052 608 2103 videt.
627 2053 759 2118 Diligenter
769 2063 847 2103 auteur
857 2055 883 2102 iu
890 2052 934 2102 hoc
943 2061 1078 2118 argumento
1087 2049 1147 2100 duae
1157 2051 1305 2117 quaestiones

328 2143 506 2209 distinguendae
523 2154 592 2208 snut3
610 2144 698 2209 altera,
716 2161 774 2194 num
790 2147 930 2195 commiserit
941 2147 1058 2208 Socrates,
1076 2159 1124 2211 quo
1141 2141 1226 2208 dignus
1237 2143 1304 2208 cepi-

329 2234 504 2302 taiisnpplicio
521 2235 655 2286 rideretnrr
672 2235 758 2301 altera,
777 2254 834 2286 num
851 2235 948 2286 dicendo
965 2234 1101 2302 agendoque
1112 2252 1139 2284 er
1152 2235 1304 2300 spectaverit,

329 2343 391 2392 quae
407 2325 589 2376 Atheniensibus
599 2330 731 2394 graviseime
748 2339 865 2378 nocerent.
901 2328 946 2378 Illa
962 2327 991 2376 ad
1005 2327 1112 2392 judices:
1135 2325 1193 2376 haec
1211 2325 1241 2374 ad
1259 2327 1305 2376 So·

328 2429 415 2467 cratem
439 2421 573 2484 pertinent:
600 2422 671 2486 possit
699 2431 778 2470 autern
796 2419 863 2469 nobis
880 2421 995 2482 Socrates,
1011 2429 1128 2486 tamqnam
1150 2418 1229 2483 cinit,
1247 2435 1306 2468 con·

328 2491 471 2560 demnandus
486 2511 557 2560 fuisse
574 2511 603 2561 ab
621 2511 670 2562 iliis
684 2512 806 2577 jndicibus
822 2511 913 2574 rideri,
929 2529 982 2562 oum
1001 2509 1114 2576 eundem,
1130 2519 1251 2577 tamqnam
1264 2511 1305 2560 iao·

327 2604 431 2670 misem,
458 2613 576 2671 tamquam
601 2603 754 2654 humanitatis
782 2605 914 2668 vindicem,
938 2603 1080 2654 admiremur
1107 2613 1132 2652 et
1156 2619 1303 2654 veneremur.

308 2694 372 2744 ,sed
396 2695 454 2744 baec
475 2698 652 2744 commiscentur
675 2697 732 2746 iere.
767 2696 973 2745 forchhammerus
995 2693 1023 2744 de
1042 2695 1144 2763 judicio
1163 2693 1214 2744 dati
1231 2698 1305 2760 operti

328 2789 430 2836 Socratis
447 2803 531 2850 agens,
549 2788 625 2850 ipsum
642 2787 793 2854 reprehendit
810 2798 879 2855 atque
896 2789 1025 2852 exagitavit
1041 2789 1166 2850 Socratem,
1183 2787 1251 2853 quasi
1261 2803 1306 2834 no·

329 2876 366 2926 bis
387 2875 457 2926 hodie
475 2876 504 2927 de
522 2879 573 2926 viro
589 2879 621 2926 eit
638 2879 830 2942 existimandum,
849 2889 875 2928 nt
892 2882 1025 2929 existimare
1043 2877 1116 2928 deco
1136 2875 1245 2944 aequales
1262 2875 1305 2926 de·

328 2969 440 3020 buerunt.
473 2971 583 3020 Perverse
603 2969 728 3036 judicandi
751 2974 828 3038 ratio,
853 2983 930 3022 oetate
954 2974 1063 3022 nostrda
1080 2971 1161 3022 multis
1177 2979 1305 3036 usurpate,

328 3079 372 3112 nec
386 3079 441 3110 vero
456 3074 562 3130 pervorsa
580 3073 680 3128 tantum,
696 3062 737 3112 sed
747 3065 883 3129 perniciosa.
902 3064 959 3114 liam
976 3065 996 3114 ri
1012 3065 1045 3112 sie
1060 3061 1189 3128 culpandus
1200 3063 1304 3111 Socrates

328 3153 435 3216 videtur,
462 3154 571 3220 culpandi
596 3157 684 3220 pariter
701 3155 871 3223 rejiciendiqne
888 3167 942 3204 sunt
962 3173 1052 3216 omnes,
1071 3155 1115 3221 qui
1134 3153 1244 3219 deinceps
1262 3169 1305 3201 ex·

326 3246 440 3294 stiterunt
457 3245 610 3295 humanitatis
621 3247 788 3314 religionisque
805 3247 971 3297 instauratores
987 3255 1012 3296 et
1028 3245 1145 3298 vindicent
1164 3245 1229 3311 qnod
1248 3261 1305 3312 quo·

329 3340 406 3388 minos
422 3355 530 3404 agamus,
543 3339 618 3404 pudor
634 3351 699 3388 vetat
716 3357 743 3389 ao
760 3357 896 3406 magnorum
913 3342 1017 3390 virorum
1027 3342 1160 3390 veneratio:
1174 3349 1226 3396 tum
1237 3355 1305 3402 aero,

328 3430 349 3476 si
374 3429 432 3496 quid
456 3429 536 3492 aliud,
556 3430 599 3480 hoc
621 3442 656 3481 est
672 3449 743 3494 sane,
772 3435 865 3482 virtuti
881 3449 969 3481 nereos
985 3433 1105 3481 incidere.
1139 3429 1185 3494 iios
1204 3431 1305 3479 Socratis

325 3519 444 3585 judicium
464 3523 528 3570 Juris
542 3524 626 3589 peritis
644 3523 812 3591 explorandum
829 3524 998 3590 relinquimus3
1017 3523 1073 3588 sed,
1091 3539 1138 3590 qno
1157 3524 1251 3588 gravior
1270 3531 1306 3570 eat

328 3612 358 3661 de
375 3615 424 3679 ipeo
440 3615 532 3664 Socrate
548 3617 663 3684 quaestio,
683 3634 709 3665 eo
729 3617 802 3681 magis
820 3615 942 3681 laetemur,
960 3618 1077 3666 exstitisse
1092 3614 1156 3682 apud
1171 3631 1213 3664 nos
1226 3617 1306 3664 virum

327 3704 461 3768 eruditum,
480 3708 520 3773 qni
540 3723 641 3758 causum
657 3707 760 3758 Socratis
779 3709 872 3756 naviter
884 3718 1062 3776 propugnaret,
1079 3707 1114 3758 (ii.
1129 3724 1174 3756 van
1191 3705 1307 3771 Limburg

326 3799 452 3864 Brouner,
471 3802 543 3865 Apol.
559 3799 629 3850 Soer.
646 3809 732 3850 contro
747 3803 836 3850 Meliti
851 3803 963 3851 redivivi
982 3803 1129 3851 commnione.
1147 3799 1306 3850 Grou.1888.

326 3890 365 3940 Gi.
383 3891 477 3941 iuraui
494 3895 569 3942 oratio
587 3891 616 3942 de
633 3896 736 3944 Socrate
752 3897 816 3956 cios,
828 3891 1034 3960 ejusdemqnsairi
1044 3895 1175 3962 exquisitae
1185 3891 1305 3942 docuiuae

324 3998 398 4050 opor,
414 3985 544 4035 Lmdoaes
561 3985 671 4036 Atticae.
