2824 5084
471 411 690 484 ..237-

101 636 215 692 orsus,
240 633 305 682 nee
324 611 368 680 ad
390 611 649 682 sensualismum
671 590 842 708 perveniet
863 611 983 704 laeile,
1008 617 1067 710 qui
1096 655 1104 674 ι

98 757 233 830 semper
268 733 311 802 ad
344 733 622 804 materialismum
649 745 683 804 et
720 733 924 806 atheismum
948 734 1067 809 duxit:
1180 772 1184 779 ·

97 881 190 946 nam,
208 834 393 952 perspectis
416 857 452 926 in
472 857 584 928 animo
607 857 752 928 hominis
770 857 893 930 divinis
905 859 958 930 his
975 861 1069 953 prin·

96 981 219 1076 eipiis,
255 1004 324 1074 quo
360 979 499 1050 tandem
530 980 633 1052 modo
661 949 891 1076 adabjeetam
913 981 1001 1052 hane
1025 980 1074 1052 de

12 1135 13 1162 2
95 1101 235 1174 homine
261 1102 449 1174 doctrinam
484 1101 693 1174 delabatur?
742 1105 811 1176 Nee
840 1126 923 1174 vero·
944 1105 1068 1192 etiam,

96 1225 192 1321 quod
222 1224 364 1296 Kantius
396 1227 587 1316 commisit,
620 1225 663 1296 ad
681 1227 895 1298 idealismum
916 1227 971 1297 vel
995 1228 1069 1322 ipse

69 1411 71 1416 ,
95 1350 162 1418 erit
183 1373 311 1443 pronus
332 1349 387 1420 vel
410 1350 484 1420 aliis
506 1351 595 1420 viam
618 1351 768 1446 aperiet:
789 1375 859 1446 quo
880 1349 1068 1447 saeilequis

13 1497 14 1500 ¹
95 1469 258 1560 accedat,
288 1472 348 1566 qui
380 1484 636 1567 praeposterum
664 1475 729 1542 iter
751 1475 951 1546 instituerit.
1001 1473 1069 1544 Sed

94 1593 186 1676 hane
207 1594 378 1688 ingressus
399 1599 554 1690 regiam,
566 1619 669 1688 quam
688 1595 860 1690 appellare
880 1596 977 1686 licet,
991 1595 1069 1690 phi-

95 1716 298 1812 losophandi
320 1719 423 1806 viam,
443 1741 522 1788 curn
545 1717 669 1812 pulcri,
694 1731 769 1788 tum
791 1719 874 1806 veri,
887 1731 962 1788 tum
969 1720 1068 1811 justi,

96 1852 173 1909 tum
197 1839 304 1910 divini
327 1839 475 1936 denique
497 1839 748 1936 philosophiam
771 1841 923 1930 excolet,
946 1865 986 1911 ae
1008 1863 1069 1935 per

96 1964 198 2035 hosce
220 1964 328 2036 veluti
347 1963 492 2058 gradus,
515 1964 686 2058 siquidem
708 1965 773 2034 alia
790 1963 1069 2053 ullaratione,ad
1117 1949 1122 1955 ⁶

96 2088 248 2157 omnium
270 2088 502 2160 doctrinarum
520 2111 727 2182 supremam,
755 2087 800 2161 ad
811 2089 920 2183 ipsam
936 2088 1069 2182 sapien-

59 2185 62 2194 ,
94 2211 178 2278 tiam
201 2189 372 2280 eseendet.
1022 2227 1025 2232 ’

145 2329 235 2398 Talis
258 2349 331 2398 esse
353 2329 508 2418 videtur,
530 2332 590 2424 qui
612 2333 735 2398 nostris
757 2334 973 2422 potissimum
983 2344 1071 2400 tem-

94 2452 237 2550 poribus
269 2452 469 2540 conveniat,
494 2452 707 2523 oritieismus.
738 2451 825 2540 'Neo
850 2453 899 2523 sie
921 2454 957 2522 in
979 2451 1071 2522 hisee

95 2575 273 2645 Platonem
304 2573 453 2646 colamus
486 2598 526 2646 ae
546 2594 767 2662 veneremm,
789 2585 828 2648 ut
845 2572 938 2644 hune
962 2597 1070 2644 unum

95 2697 293 2788 habeamus,
317 2720 419 2790 quem
438 2689 904 2791 sequamur,philosophum'.
933 2695 1088 2792 lpse,ut,

94 2822 188 2910 dixi,
215 2822 311 2891 oller
341 2841 414 2889 esse
441 2818 608 2890 Socrates
632 2817 766 2908 noluit,
789 2819 872 2900 sed,
898 2819 992 2914 quod
1010 2843 1072 2914 op-

96 2945 171 3016 timi
204 2945 333 3039 quique
353 2955 431 3038 post
455 2965 535 3013 eum
558 2940 752 3037 philosophi
776 2941 1006 3030 studuerunt,
1028 2942 1072 3012 ab

97 3055 255 3140 omnibus
273 3064 524 3160 proficiendum
544 3064 756 3160 philosophis
779 3077 873 3136 ratus
894 3076 961 3134 est.
1008 3064 1071 3134 Pa·

96 3192 180 3262 riter
199 3190 316 3280 nobis,
337 3189 366 3259 si
394 3188 480 3283 quid
507 3181 833 3281 videmagendutn.
870 3187 1070 3258 Intercesse-

97 3325 181 3385 runt
213 3314 302 3382 inter
333 3315 406 3406 ejus
438 3322 584 3382 aetatem
607 3322 642 3380 et
662 3309 749 3382 hano
773 3322 923 3382 nostram
943 3309 1014 3382 duo
1036 3323 1071 3380 et
1165 3322 1168 3338 ⁴

97 3433 193 3531 quod
208 3436 356 3506 excurrit
376 3458 542 3506 annorum
564 3433 686 3504 millia:
703 3457 772 3528 quo
789 3436 950 3528 temporis
961 3435 1071 3529 spatio

98 3569 184 3654 quot
204 3559 392 3653 quantique
409 3559 600 3628 exstiterint
622 3556 829 3654 philosophi,
841 3559 978 3630 seimus.
1004 3557 1070 3630 Ho

98 3705 177 3752 rum
198 3680 296 3752 nobis
319 3679 462 3770 nullus,
483 3682 544 3776 qui
566 3679 706 3776 quidem
722 3679 994 3775 philosophando
1017 3703 1070 3750 ex-

100 3805 242 3895 celluit,
259 3805 423 3900 quamvis
443 3828 462 3872 a
484 3814 596 3874 nostra
617 3804 747 3876 ratione
768 3803 910 3894 alienus,
931 3801 1070 3898 repudi·
1177 3835 1179 3840 ·

100 3927 208 4000 andus
232 3939 294 4000 est.
347 3927 431 3998 Nam
453 3949 673 4020 quascunque
687 3928 731 3996 iu
753 3927 865 4000 lucem
887 3926 1070 3996 emiserunt
1141 3951 1148 3966 ·
