2824 5084
473 397 692 522 ..2οῂ-

93 645 221 736 toteles,
244 670 314 716 non
336 645 446 716 solum
469 667 604 718 aversus
625 625 1059 736 scaeterisomnibuscrat,

89 766 147 836 sed
179 765 396 838 desiderabat
420 767 506 854 adeo
529 767 587 840 ille
614 769 658 840 ad
682 767 850 842 mundum
869 769 1059 867 physicum,

88 890 144 962 hic
176 889 220 960 ad
253 875 416 962 moralem
446 903 540 962 reete
574 891 843 988 explorandum,
865 891 1061 966 facultatem

87 1001 254 1084 idoneam.
303 1013 378 1084 Non
401 1015 537 1109 scripsit
559 1013 675 1106 Plato,
698 1027 738 1086 ut
761 1014 913 1086 lecerunt
932 1015 1062 1088 Aristo-

85 1135 171 1206 teles
193 1147 228 1206 et
242 1134 508 1231 Theophrastus,
529 1136 705 1210 historiam
727 1139 937 1230 animalium,
957 1140 1063 1212 histo·

85 1253 169 1328 riam
194 1257 408 1352 plantarum,
438 1259 563 1332 similia
591 1261 862 1334 accuratissimaa
893 1263 929 1332 in
960 1261 1063 1334 rebus

84 1379 296 1452 naturalibus
327 1383 550 1478 indagationis
570 1408 691 1481 opera:
710 1385 823 1458 dicam
845 1385 974 1478 ferme,
995 1409 1064 1458 non

85 1503 200 1596 potuit
221 1502 306 1576 haee
328 1506 497 1593 scriberes
518 1506 580 1578 sed
601 1520 741 1600 conus,
763 1509 926 1604 abreptus
948 1509 1062 1604 plane,

85 1638 248 1722 tanquam
268 1624 432 1718 flumine,
459 1629 602 1700 suante
624 1629 887 1726 philosophandi
909 1633 1061 1718 ratione,

85 1751 202 1845 inepte
221 1749 258 1820 in
278 1749 387 1845 ipsam
406 1761 564 1821 naturam
581 1750 755 1822 hominem
767 1754 986 1848 animumque
997 1755 1063 1826 hu·

86 1895 227 1944 manum
250 1871 413 1945 traduxit.
439 1873 538 1962 Quod
562 1895 603 1944 ex
619 1875 732 1946 anima
748 1874 1063 1946 mundiinTimaeo

86 1994 230 2090 arasque
249 1995 488 2092 hujuscemodi
509 1996 643 2092 paam
661 1976 769 2092 paea
819 1997 948 2068 raam
966 1998 1065 2068 ms-

86 2117 220 2190 toteles.
252 2119 298 2190 Ut
317 2121 403 2190 mira
419 2119 582 2192 facilitate
603 2117 713 2190 ethis
735 2118 780 2189 de
799 2117 1065 2217 rebusphiloso·

85 2240 277 2336 phabatur‚
305 2255 340 2312 et
370 2253 478 2314 totam
499 2265 616 2317 rerum
639 2243 894 2314 universitatem
915 2241 1066 2336 explora-

84 2365 167 2452 bat,
191 2362 238 2430 ita
256 2360 441 2448 haerebat,
464 2361 526 2432 ubi
550 2361 594 2430 de
616 2363 747 2450 animo,
768 2363 812 2432 de
833 2363 947 2434 divina
969 2377 1065 2434 natu-

84 2511 143 2574 ra,
166 2483 304 2556 omnino
322 2457 368 2554 de
386 2482 490 2554 rebus
509 2481 695 2554 moralibus
713 2471 896 2573 scribebat,
908 2482 1066 2577 idemque

85 2618 227 2696 contra,
250 2603 350 2678 suain·
369 2604 463 2678 illam
488 2615 629 2676 naturae
651 2602 877 2699 explorandae
903 2604 1067 2676 rationem

86 2729 133 2800 ad
168 2727 340 2800 hominem
368 2726 606 2822 mundumque
635 2725 795 2798 moralem
821 2725 1068 2820 explorandum

86 2852 284 2944 traducens,
306 2851 351 2922 de
370 2851 463 2924 hisce
480 2873 610 2941 rursus,
626 2860 666 2920 ut
682 2849 843 2945 vidimus,
858 2863 928 2922 non
938 2851 1068 2946 optime

87 2976 297 3048 merebatur.
417 2945 441 3064 s
849 2975 852 2986 '
914 3054 923 3062 ,

92 3149 96 3156 ·
136 3100 205 3172 Sed
236 3100 280 3170 ad
316 3121 432 3170 omnes
457 3098 584 3192 pariter
607 3094 843 3191 philosophiae
873 3105 988 3190 partes
1010 3115 1076 3185 ex·-

86 3223 257 3320 plendas,
292 3221 357 3293 alia
384 3221 469 3292 item
487 3217 684 3313 singulatim
707 3219 845 3313 utrique
857 3215 1070 3313 ‘philosopho

86 3345 286 3420 defuerunt.
336 3341 538 3415 Eminebant
559 3340 660 3412 ambo
683 3340 842 3411 omnihus
864 3337 980 3429 facile,
1008 3340 1069 3434 qui

82 3470 254 3558 'luerunt,
272 3464 487 3564 philosophis
507 3461 963 3550 ddaetieaefaeultatased
973 3461 1070 3534 Plato
1166 3493 1167 3497 ¹

88 3591 182 3662 hanc
203 3589 430 3687 disciplinam,
449 3601 489 3658 ut
509 3587 621 3686 facere
637 3586 829 3658 instituerat
852 3584 1070 3677 Socrates,ad

90 3711 313 3810 purgandum
336 3711 509 3784 hominem
534 3711 628 3796 ranis
655 3709 892 3804 opinionibus,
914 3708 958 3781 ad
980 3709 1070 3780 exci-

92 3835 238 3908 tandum
259 3836 295 3906 in
315 3835 428 3906 animo
451 3833 656 3928 optimarum
674 3855 801 3923 rerum,
824 3832 860 3903 in
878 3835 996 3928 primis
1012 3853 1070 3901 ve-

91 3959 203 4030 ritatis
222 3957 390 4047 studium,
414 3955 458 4026 ad
477 3955 674 4028 ducendum
694 3981 713 4026 a
736 3969 851 4028 tenera
871 3954 951 4026 inde
962 3963 1072 4032 aetate
