2828 5098
477 480 696 554 -103-

102 677 152 747 bis
174 677 248 772 ipse
267 673 431 746 describit
452 687 591 765 auctor,
611 674 680 778 sed¹
693 677 740 748 ita
762 676 994 772 colloquentes
1016 680 1070 750 in·

101 798 198 868 duxit
238 798 411 870 Socratem
442 809 477 868 et
505 797 715 890 Phaedrum,
754 811 794 870 nt
824 798 910 872 haec
941 824 961 871 e
991 775 1082 874 solis¹

100 944 217 1020 eorum
254 919 467 996 sermonibus
510 945 760 1016 cognoscamus.
822 923 913 998 Talis
946 923 1074 998 seilicet

99 1044 245 1114 maxime
267 1043 363 1112 miani
387 1054 439 1114 est
462 1055 595 1114 natura.

148 1164 217 1235 Sed
250 1163 334 1236 haec
361 1163 406 1234 de
433 1165 552 1259 primis
581 1165 731 1236 Platonis
757 1164 921 1260 dialogis,
945 1162 1074 1262 quique
1149 1153 1153 1162 ¹

98 1286 202 1380 rulgo
225 1286 279 1356 vel
302 1287 486 1358 Socratici
507 1287 561 1358 vel
582 1291 758 1360 amatorii
775 1289 959 1379 dicuntur,
981 1289 1073 1362 dicta

98 1422 211 1482 sunto.
262 1409 302 1480 ln
334 1410 483 1506 politicis
514 1435 554 1483 ae
584 1413 794 1505 moralibus,
827 1435 913 1508 quos
937 1415 1072 1484 matura

99 1534 237 1606 demum
275 1531 319 1602 ad
359 1532 670 1630 philosophandum
705 1547 817 1607 aetate
849 1537 1073 1632 consempsit,

99 1643 279 1728 dromdtis
300 1657 498 1751 praesertim
517 1659 604 1729 ratio
626 1660 787 1730 cernitur.
836 1659 973 1732 Habent
994 1661 1074 1732 illae

99 1779 289 1874 tragoediae
330 1778 581 1874 quodammodo
613 1805 693 1852 oum
714 1781 872 1872 initium,
896 1793 972 1855 ann
993 1805 1074 1878 pro-

98 1901 325 1995 gressionem,
348 1913 424 1972 tum
445 1903 586 1974 exitum.
636 1903 676 1974 ln
699 1903 842 1978 Politia
862 1904 1074 2000 procedenti-

98 2025 161 2096 bus
195 2024 408 2094 sermonibus
444 2025 570 2096 sensim
606 2025 801 2119 sensimque
830 2026 937 2120 magis
967 2026 1075 2098 veluti
1141 2034 1146 2044 ’

98 2147 208 2220 nodus
242 2147 486 2241 adstringitur,
511 2159 551 2220 ut
574 2148 787 2238 nesciamus,
817 2171 922 2244 quem
944 2149 1074 2222 exitum

99 2270 259 2344 habitura
290 2293 344 2340 res
376 2271 433 2342 sit.
482 2268 708 2342 Vehementer
736 2272 886 2368 primum
914 2273 952 2342 in
969 2273 1074 2368 justi-

99 2394 182 2464 tiam
214 2391 388 2462 invehitur
420 2391 705 2486 Thrasymachus:
738 2369 860 2470 utilem
894 2417 968 2466 esse
991 2419 1072 2468 con·

97 2513 213 2586 tendit
242 2512 450 2609 populorum
482 2514 691 2604 rectoribus,
733 2515 871 2611 populis
902 2539 982 2590 vero
1011 2541 1075 2590 no·

98 2639 208 2708 riam:
239 2659 343 2730 quam
364 2636 567 2706 sententiam
589 2636 751 2731 deinceps
775 2637 905 2710 Glauco
927 2651 962 2708 et
984 2637 1073 2710 hdi-

100 2771 234 2830 mantus
256 2781 297 2829 eo
319 2771 486 2830 conantur
506 2759 705 2854 diligentius
728 2760 892 2855 probare,
913 2785 984 2856 quo
1005 2786 1074 2834 ma-

97 2886 151 2977 jor
170 2883 215 2954 sit
237 2881 366 2954 Socrati
386 2884 517 2954 naviter
539 2882 806 2979 propugnandae
824 2885 979 2980 Justitiae
994 2909 1073 2961 cum

103 3005 352 3102 opportunitas,
373 3018 449 3076 tum
469 3007 663 3078 necessitas.
679 3005 876 3080 ,Haeremus
899 3008 946 3078 ita
964 3007 1074 3100 dubii,

101 3128 185 3222 quid
210 3127 308 3200 nobis
330 3127 471 3198 tandem
493 3127 538 3198 de
556 3129 686 3218 caussa,
710 3129 862 3200 omnium
884 3129 983 3200 facile
1003 3153 1074 3222 gra-

101 3251 259 3342 vissima,
286 3249 548 3322 existimandum
569 3250 625 3320 sit.
676 3251 764 3322 Tum
790 3275 870 3322 vero
891 3264 1073 3346 postquam

102 3374 281 3470 profligata
303 3375 405 3471 plane
421 3379 536 3470 jacere
553 3373 689 3468 justitia
708 3376 780 3446 visa
802 3387 872 3466 est,
896 3375 1073 3447 intricatis-

102 3499 207 3568 simae
237 3499 443 3595 quaestionis
475 3497 607 3588 nodus,
640 3497 786 3568 Socratis
816 3521 902 3594 ope,
931 3499 1075 3572 solvitur

102 3621 290 3716 paulatim,
322 3634 362 3693 nt
390 3644 444 3692 res
476 3621 581 3693 nobis·
610 3619 808 3692 inclarescat
830 3621 1018 3694 identidem
1039 3635 1074 3694 et

106 3745 226 3816 victrix
259 3745 303 3816 sit
336 3743 476 3814 tandem
504 3744 659 3838 justitiae
689 3766 815 3820 caussa.
864 3744 989 3816 Similis
1022 3731 1075 3816 est

104 3869 293 3964 progressio
327 3878 363 3938 et
397 3868 506 3940 exitus
538 3867 770 3939 Phaedooc's:
804 3869 840 3938 in
868 3865 934 3942 hoc
961 3877 1075 3940 antem

106 3989 250 4087 dialogo,
274 3993 334 4087 qni
356 3991 508 4063 omnium
531 3987 597 4062 dici
619 3991 762 4062 maxime
782 3991 1076 4087 droaoaplrs'loso
