2828 5098
709 464 902 534 -92-

323 667 352 736 ci
389 691 484 756 vero,
520 666 683 757 Georgius
711 661 956 756 Trapezuntius
980 669 1083 751 atque
1106 669 1184 726 ante
1215 676 1295 726 eum

324 789 519 859 Theodorus
542 787 630 856 Gaza
653 783 901 855 Aristotelicarn
929 791 1193 876 propugnarent.
1240 775 1295 846 lb

326 913 390 984 hoc
425 910 504 980 inde
546 923 699 1004 tempore
733 908 876 976 maxime
910 907 945 974 in
977 904 1219 974 diversissimas
1261 914 1297 970 ct

325 1035 507 1106 contrarias
529 1031 614 1102 adeo
636 1043 749 1126 partes
770 1029 934 1100 Platonici
955 1041 989 1096 et
1009 1023 1217 1098 aristotelici
1235 1025 1300 1094 ab·

328 1161 460 1244 icrunt,
486 1169 546 1244 ut,
571 1155 686 1249 pronti
709 1154 760 1223 illi
783 1151 976 1238 Platonem,
999 1150 1047 1218 ita
1069 1147 1105 1217 hi
1129 1147 1300 1217 Aristote-

326 1281 396 1350 lem
420 1280 560 1349 unicum
584 1277 751 1346 haberent
773 1253 1008 1369 philosophiae
1030 1271 1167 1362 ducem,
1189 1292 1300 1364 eoque

329 1404 461 1495 gravius
484 1403 519 1470 in
547 1399 693 1472 alterum
722 1420 841 1470 eorum
872 1393 1132 1482 inveherentur,
1165 1416 1236 1486 quo
1254 1392 1300 1460 al-

331 1539 441 1596 terum
478 1524 636 1596 colebant
658 1535 761 1617 atque
782 1520 1030 1592 venerabantur
1052 1518 1169 1610 magis.
1220 1516 1302 1586 Fac-

331 1663 406 1718 tum
438 1662 554 1720 autem
587 1650 636 1719 sic
667 1659 740 1734 est,
765 1658 804 1715 ut
833 1657 868 1714 et
891 1657 974 1714 tunc
996 1655 1031 1710 et
1052 1651 1169 1736 postea
1192 1639 1302 1710 conci-

332 1772 438 1842 liandi
470 1771 765 1866 conjungendique
797 1769 976 1860 utriusque
998 1761 1195 1860 philosophi
1217 1763 1305 1831 ratio

332 1906 551 1990 quaereretur
563 1892 624 1989 (²⁶)
654 1892 841 1962 Tentarnnt
862 1911 935 1958 rem
958 1887 1193 1958 difficillimam
1210 1909 1304 1956 com·

333 2014 470 2108 plures3
495 2035 614 2084 verum
639 2012 675 2081 id
700 2035 768 2081 non
792 2012 877 2082 satis
898 2011 1006 2104 egisse
1028 2009 1108 2080 data
1128 2031 1229 2103 opera
1252 2009 1305 2077 vi·
1410 2089 1411 2092 Ἴ

335 2136 478 2222 dentur,
513 2147 571 2222 ut,
597 2147 798 2228 anteaquam
820 2131 863 2202 ad
887 2131 1158 2226 conjungendam
1187 2130 1307 2200 Plato-

340 2258 392 2326 nis
424 2269 459 2325 ct
490 2254 679 2326 Aristotelis
708 2253 958 2351 philosophiam
989 2254 1209 2345 accederent,
1232 2252 1307 2324 dis-
1410 2287 1411 2304 π

340 2380 584 2484 tinguerenta
612 2403 648 2460 se
679 2380 823 2450 invicem
846 2379 1024 2473 utriusque
1045 2375 1309 2472 philosophandi

340 2503 523 2574 rationem:
554 2502 590 2571 id
621 2515 737 2573 autem
759 2501 955 2597 quicunque
977 2499 1137 2593 negligit,
1160 2497 1260 2570 facile
1282 2502 1310 2570 is

276 2687 281 2698 .
339 2627 556 2696 commiscere
590 2625 768 2718 utriusque
802 2621 997 2717 philosophi
1020 2621 1145 2716 placita
1169 2635 1309 2716 potest,

340 2761 431 2820 recte
453 2771 532 2817 vero
554 2750 759 2839 conjungere
781 2749 1031 2838 conjunctaque
1053 2742 1210 2840 adaptare
1231 2769 1310 2816 suo·

339 2895 416 2941 rum
441 2883 633 2963 temporum
659 2869 735 2938 usui
761 2867 984 2939 nullomodo
1009 2879 1134 2962 potest.

387 2989 572 3087 Equidem,
606 2989 765 3078 Sodales,
804 2992 918 3084 prouti
954 3013 1065 3085 nuper
1090 2990 1133 3060 ad
1157 2991 1309 3062 Instituti

338 3115 462 3208 Belgici
500 3115 609 3185 socios
652 3111 697 3181 de
742 3113 885 3183 Socratis
920 3114 1054 3206 iugenio
1088 3114 1310 3209 moribusque

336 3238 476 3331 scripsi,
511 3239 557 3306 ita
589 3235 763 3306 vobiscum
799 3259 889 3306 nunc
923 3259 1022 3330 agere
1044 3234 1088 3305 de
1110 3235 1252 3307 Platone
1274 3251 1308 3307 et
1407 3297 1408 3330 ,

371 3529 404 3594 Γ)
419 3533 618 3596 Comparationem
631 3531 734 3580 Platonis
749 3544 772 3579 et
782 3533 915 3604 Aristotelis
924 3533 1078 3582 instituerunt
1088 3533 1217 3583 Saso.le
1228 3533 1309 3596 Georg.

255 3686 257 3694 η
336 3624 511 3687 Trapezuntius,
523 3624 648 3685 Geminus,
660 3623 811 3685 Gaudentius,
824 3621 946 3689 nannius,
956 3625 1126 3690 Carpentarius‚
1139 3623 1309 3674 {lachmannusz

336 3718 398 3766 Sacc.
407 3715 473 3764 XVll
490 3716 606 3780 inprimis
619 3716 702 3782 Rapis.
720 3717 930 3782 comparuissetis
942 3718 1032 3766 Platon
1044 3725 1069 3766 ee
1079 3715 1221 3768 d'Ara'stote.
1235 3717 1311 3767 1⁶⁷1.

338 3810 374 3856 cl.
392 3808 460 3856 llami
477 3807 596 3870 Gallandi,
614 3807 759 3874 aliorumque
774 3806 802 3856 da
818 3809 888 3857 Arist.
905 3807 1081 3875 disputationes.
1103 3811 1135 3858 lle
1147 3809 1312 3859 conciliatione

339 3902 460 3966 utriusque
479 3899 610 3964 philosophi
630 3901 751 3964 inprimis
773 3899 872 3963 Furius,
897 3902 926 3949 cla
942 3909 1046 3951 naturae
1060 3903 1222 3969 philosophia
1242 3919 1262 3950 s.
1282 3903 1313 3950 de

339 3994 406 4042 reat.
418 4001 442 4040 at
450 3993 525 4042 Arist.
537 3994 693 4040 rememoras
702 3991 776 4039 laea.
788 3991 824 4040 (ll.
834 3991 978 4057 Tiraboschi,
989 3993 1074 4044 «tama
1085 3995 1152 4044 della
1163 3997 1200 4044 ἄν.
1209 3995 1313 4044 ltals'cu.
