2824 5084
467 499 519 514 ··-
544 455 689 530 229-
716 439 720 445 Κ

93 675 142 733 tes
165 681 282 732 omnes
304 657 425 729 sedulo
445 658 674 752 explorarent.
718 656 767 726 lta
787 656 889 752 plene
909 641 1063 749 Raetias,
1125 645 1128 655 ¹

91 781 186 878 quod
214 781 251 850 in
281 781 355 875 ipso
389 780 525 851 criticae
548 779 721 876 prooemio
746 779 945 876 profitetur:
987 781 1065 852 Pu-

90 931 174 976 ram
202 903 398 993 rationem,
432 908 572 1000 inquit,
606 927 681 976 esse
714 907 831 974 euinti
847 905 1078 1005 facultatem·

90 1026 322 1122 cognoscendi
341 1051 403 1096 res
419 1051 494 1120 per
518 1049 554 1096 se
579 1027 709 1115 solum,
722 1013 804 1097 'siue
816 1053 978 1097 sensuum
991 1054 1066 1122 cor·

86 1151 196 1243 poris
218 1159 254 1219 ct
274 1150 521 1244 eupcrientiae
541 1151 798 1220 communione:
823 1153 1067 1222 inventarium

16 1275 21 1286 '
91 1274 306 1342 notitiarum
334 1273 393 1342 int
378 1271 625 1366 tebbiffibibium
646 1296 670 1340 a
685 1295 789 1367 puro
810 1277 952 1344 ratione
969 1299 1068 1370 pro-

77 1402 289 1492 scotorum,
328 1418 401 1464 esse
424 1403 580 1508 systema
602 1396 882 1490 nietapbysicue
932 1392 1020 1467 Ab!
1004 1397 1068 1466 boc

90 1521 131 1588 in
163 1518 257 1588 libro
284 1517 328 1588 id
349 1528 507 1613 systema
527 1520 682 1588 nondum
703 1516 889 1590 eubiberi:
914 1520 978 1588 scd
998 1523 1068 1590 cri·

92 1644 219 1727 ticam,
246 1641 374 1728 idest,
399 1665 602 1729 censuram,
626 1643 692 1735 agi
716 1643 875 1711 rationis
889 1655 1010 1736 purae
1034 1650 1094 1711 ets

91 1767 200 1835 notit'
184 1789 306 1834 aarum
339 1765 383 1834 ab
417 1789 459 1833 ea
476 1763 727 1859 proficiscens
711 1789 806 1834 eum:
831 1767 995 1860 inquiri,
1020 1789 1069 1832 an

93 1889 343 1984 metaphysica
364 1889 492 1958 battere
510 1891 632 1984 possit
648 1890 689 1957 in
697 1887 944 1985 facultatem
928 1909 1069 1982 ingemo
1104 1869 1107 1874 ¹

93 2012 262 2080 hannani:
290 2011 484 2106 possibilis
518 2033 626 2079 necne
650 2011 723 2080 sit.
757 2025 861 2104 quam
881 2009 1069 2103 superiore

96 2141 215 2204 aetate
237 2135 406 2228 reginam
431 2135 666 2202 scientiarum
688 2132 789 2200 babit
775 2141 864 2210 tam,
886 2155 979 2200 nunc
997 2153 1070 2198 sue·

64 2229 68 2236 ⁸
94 2257 169 2325 cubi
194 2279 323 2324 errore
356 2264 563 2324 contemtum
577 2258 733 2346 jacere:
756 2261 793 2323 et
814 2256 918 2348 quusi
943 2251 1072 2321 Ouidii

95 2377 281 2448 Hecubam
316 2377 420 2469 queri
452 2411 498 2424 --
519 2376 641 2443 modo
666 2377 866 2441 mauima
891 2397 1069 2462 rerum,

94 2508 162 2569 tot
190 2498 379 2592 generis
403 2495 611 2588 natisque
629 2505 820 2589 potens,
843 2519 953 2564 nunc
984 2479 1070 2566 tra·

98 2623 185 2691 bor
205 2618 362 2709 eesub,
386 2621 531 2711 inops.
583 2613 646 2686 Ita
670 2616 734 2686 boc
757 2619 797 2685 iu
819 2601 915 2686 libre
931 2600 1069 2712 quaeri,

95 2747 189 2816 sitne
212 2743 352 2813 omuino
374 2715 550 2836 quaedum
567 2738 830 2833 metaphysica,
848 2743 926 2833 ejus
938 2739 1072 2811 limites

84 2870 275 2964 sontesque
297 2863 489 2956 designari
507 2885 552 2929 eu
566 2863 796 2956 principiis:
812 2865 988 2932 rationem
1000 2864 1071 2960 dis-

86 2989 319 3084 similimum,
338 3010 438 3055 suum
460 3007 598 3072 munus,
617 3007 658 3052 ce
682 2987 800 3078 ipsam
819 2987 1069 3082 cognoscendi,

100 3112 212 3182 denuo
235 3095 437 3204 suscipere,
470 3109 633 3179 tribunal
653 3112 883 3198 constituere,
906 3110 999 3205 quod
1018 3113 1072 3204 ip-

99 3238 176 3303 sius
190 3238 300 3326 justa
318 3231 505 3327 postulata
529 3239 690 3320 tucatur,
725 3235 865 3326 injusta
895 3233 1071 3326 repudiet,

97 3360 208 3424 istam
232 3356 330 3426 bitem
353 3379 424 3424 uon
444 3356 652 3449 imperiosis
674 3353 815 3437 edictis,
830 3355 952 3426 seduci
960 3365 1074 3426 aeter*

100 3499 170 3544 uas
202 3487 236 3546 et
270 3459 499 3547 tumutaettes
532 3466 653 3573 ipsius
678 3481 836 3547 rationis
859 3480 955 3574 teges
979 3478 1074 3548 dcci-

100 3601 175 3670 due.
225 3595 335 3668 Hauc
366 3625 475 3670 uuam
509 3602 627 3670 adbuc
650 3601 816 3671 relictam
835 3594 938 3671 nium
956 3627 993 3672 se
1015 3607 1075 3672 iu-

96 3745 265 3817 gressum
288 3723 465 3820 profiteri
477 3775 487 3813 ‚
524 3725 662 3794 nultum
694 3735 768 3792 esse
791 3727 1074 3822 metaphysicum

93 3845 304 3939 problema,
329 3848 416 3942 quin
433 3869 506 3940 per
533 3847 624 3914 banc
649 3850 903 3920 criticamaut
922 3849 1073 3919 sobutum

102 3969 173 4051 sit,
195 3979 258 4039 aut
279 3972 314 4039 ci
336 3969 502 4039 soluendo
520 3973 581 4038 uia
605 3973 810 4066 aperiatur,
831 3983 866 4044 et
886 3975 990 4069 quasi
1001 3973 1074 4042 clu·
