2836 5080
493 459 679 533 ...45-

108 635 157 726 se¹
171 651 409 749 compescendi
439 655 526 744 rim,
548 679 617 748 qna
638 653 820 726 emendare
842 677 879 726 se
899 669 1003 752 atque
1024 654 1072 726 vi·

107 777 159 846 tiis
192 775 262 845 illis
294 797 441 869 purgare
474 775 617 846 solebat.
668 775 764 865 Quae
782 799 864 848 sane
885 777 1017 870 singula
1037 789 1072 847 et

105 899 259 968 universa
290 895 438 964 tenenda
472 891 570 966 nobis
601 909 696 967 recte
724 908 826 986 sunt,
859 897 889 967 si
924 896 969 966 de
1001 898 1073 968 viro

99 1019 270 1112 judicare,
301 1027 370 1085 tam
399 1015 436 1086 in
465 1017 615 1111 privata,
645 1041 747 1112 quam
769 1019 806 1088 in
828 1017 966 1114 publica
986 1019 1073 1107 rita,

102 1139 256 1209 velimus.
290 1137 433 1227 Verum,
457 1150 497 1208 nt
513 1141 755 1234 philosophus
766 1139 912 1210 maxime
922 1140 1074 1212 Socrates

100 1262 184 1352 fuit,
204 1272 243 1332 ut
264 1259 500 1356 philosophiae
521 1259 637 1332 studio
656 1285 695 1332 ac
705 1259 868 1354 singulari
879 1260 982 1356 plane
999 1260 1074 1356 phi·

103 1383 301 1479 losophandi
332 1384 462 1454 ratione
483 1383 629 1454 nominis
648 1383 938 1456 immortalitatem
960 1406 1074 1455 conse

102 1517 200 1577 cutus
234 1516 298 1594 est,
329 1505 377 1575 ita
410 1504 674 1576 considerandus
707 1506 805 1576 nobis
836 1506 872 1578 in
893 1505 1073 1601 primisin

102 1626 336 1722 philosophiae
379 1625 520 1698 historia
561 1626 708 1698 ridetur.
769 1627 955 1722 Speculum
988 1625 1073 1700 haee

102 1762 171 1841 est,
211 1751 247 1820 in
277 1773 348 1844 qno
374 1771 512 1820 cernere
544 1749 644 1820 nobis
676 1751 741 1820 viri
762 1751 944 1843 imaginem
965 1763 1073 1822 totam
1149 1769 1154 1780 ·

102 1871 191 1944 licet.

147 1996 365 2090 Usurparunt
387 1993 586 2090 disputandi
608 1994 786 2084 rationem,
809 1991 1074 2089 utsuprasigni-

45 2181 48 2190 Α
99 2116 294 2207 ficavimus,
326 2115 536 2208 Academici,
560 2141 630 2188 non
649 2115 693 2186 ad
716 2117 894 2188 veritatem
911 2117 1008 2211 justa
1019 2114 1074 2186 vit

98 2241 342 2335 indagandam,
362 2240 475 2310 minus
497 2241 617 2329 etiam,
640 2263 710 2334 qno
728 2240 841 2334 aptius
855 2243 1075 2334 juventutem

97 2364 294 2452 erudirent,
339 2363 593 2454 excitarentqne
630 2363 667 2430 in
699 2361 971 2434 adolescentibus
1004 2361 1073 2432 veri

95 2507 270 2572 amorem,
305 2483 366 2553 sed
387 2482 431 2552 ad
454 2481 697 2554 dubitandum.
746 2482 821 2569 Qua
845 2485 881 2552 in
900 2507 937 2552 re
957 2485 1074 2556 Socra·
1192 2541 1198 2550 .

96 2620 169 2678 tem
192 2607 389 2678 retulernnt
406 2603 531 2699 plane,
548 2603 659 2698 qualis
680 2603 739 2674 ille
754 2603 944 2676 identidem
955 2605 992 2672 in
1002 2603 1075 2674 Pla·
1144 2643 1146 2648 ·

96 2731 187 2800 tonis
211 2727 354 2822 dialogis
366 2727 524 2816 occurrit,
537 2737 692 2796 evertens
704 2726 943 2819 interrogando
954 2725 1075 2820 dispu-

97 2851 286 2947 tandoqne,
298 2873 386 2946 quae
406 2849 450 2937 ab
473 2849 546 2920 aliis
557 2847 824 2944 positafiierant,
837 2849 1074 2944 magisqneso-

97 2973 262 3069 phistam,
279 2999 383 3070 quam
394 2973 638 3069 philosophum
649 2996 767 3067 agens:
779 2970 872 3042 unde
884 2997 938 3042 ars
949 2971 1009 3040 illa
1020 2993 1074 3042 ex·

95 3100 186 3170 stitit
207 3100 244 3168 in
263 3108 597 3192 utramquepartem
619 3091 1075 3184 disserendi,aboratoribus

95 3219 315 3316 frequentata
334 3222 572 3314 maximopere.
623 3217 690 3290 Sed
711 3241 795 3306 nos,
818 3229 858 3288 ut
880 3216 1075 3302 Socratem,

96 3365 171 3412 non
191 3342 300 3436 qualis
324 3343 361 3412 in
382 3338 599 3437 philosophia
618 3337 723 3410 fuisse
743 3340 900 3428 videtur,
918 3337 979 3408 sed
991 3361 1075 3432 qua-

95 3461 139 3538 lis
160 3469 259 3561 fuit,
291 3487 550 3558 cognoscamus,
572 3463 682 3558 ipsam
701 3460 764 3530 viri
784 3460 973 3533 doctrinam
994 3484 1076 3532 con·

95 3587 300 3660 sideremus.

146 3709 332 3782 Hominem
349 3709 434 3780 haec
452 3719 584 3804 spectat
606 3707 770 3794 maxime,
788 3717 847 3795 nt,
859 3704 1076 3800 quemadmo

97 3831 185 3904 dum
203 3833 250 3904 sit
267 3831 311 3902 ad
331 3813 495 3902 virtatem
506 3842 541 3900 et
551 3829 764 3900 honestatem
776 3827 1011 3914 adducendus,
1029 3837 1075 3894 te-

99 3978 266 4041 neamus,
295 3953 444 4026 ducebat
472 3965 588 4022 antem
615 3951 750 4028 initimn
773 3975 791 4019 a
815 3945 1079 4021 celebratissimo
