2836 5080
746 495 940 568 ..64-

362 708 451 766 tasse
479 693 555 781 alii,
589 693 650 788 qui
679 681 810 788 'pariter
836 691 1014 788 φιλόκαλοι
1036 703 1150 762 essent
1171 703 1207 762 et
1229 702 1336 766 καλο·

360 813 504 914 κᾶγιιθοι
537 811 663 912 ἄνδρεςε
698 813 839 888 fuerrmt
874 816 957 886 irem
992 815 1049 886 alii
1085 812 1247 906 sortasse,
1273 817 1335 911 qui

360 941 432 1036 pari
457 951 569 1011 essent
594 939 721 1034 ingenii
745 940 919 1028 acumine,
943 940 1017 1034 pari
1042 938 1229 1010 disserendi
1245 939 1336 1024 ¹sub-

358 1062 500 1152 tilitate,
537 1064 611 1158 pari
635 1061 809 1152 discendi,
846 1060 1089 1156 cognoscendi,
1121 1061 1335 1156 quinetiam

358 1199 465 1257 semet
490 1187 580 1282 ipsos
606 1184 831 1278 cognoscendi
854 1182 984 1256 studio:
1008 1207 1072 1256 neo
1095 1182 1244 1256 defuisse
1263 1185 1334 1256 ulla

358 1322 469 1382 aetate
493 1310 563 1380 sive
587 1306 749 1398 Athenis,
774 1307 845 1378 sive
868 1305 942 1378 aliis
967 1307 1005 1376 in
1029 1308 1127 1378 terris
1151 1307 1332 1398 videntur,

359 1433 420 1528 qui
454 1433 527 1526 pari
561 1431 689 1502 virtute
721 1430 900 1502 veritatem
924 1439 959 1500 et
979 1429 1150 1524 justitiam
1174 1429 1330 1502 vindica-

358 1567 454 1641 rent,
478 1553 539 1626 sod
563 1555 623 1649 qui
647 1555 717 1644 sio,
743 1566 783 1626 ut
807 1554 972 1644 Socrates,
988 1557 1186 1647 conjunctas
1206 1551 1268 1624 has
1280 1553 1332 1623 in-

359 1677 448 1770 genii
473 1677 645 1772 animique
668 1675 766 1749 dotes
791 1701 830 1748 ae
854 1677 998 1750 virentes
1022 1675 1182 1766 haberet,
1204 1677 1266 1771 qui
1285 1677 1333 1748 sio

358 1822 432 1886 eas,
468 1811 508 1868 ut
539 1797 618 1888 ille,
644 1799 854 1893 conjunctim
878 1811 912 1870 et
943 1797 1088 1870 vivendo
1119 1810 1155 1870 et
1174 1797 1332 1894 philoso-

240 1985 246 1996 .
357 1919 496 2017 phando
520 1921 697 2017 proderet,
731 1921 781 1992 sio
805 1944 861 1992 eas
886 1922 990 2012 item,
1015 1920 1159 2010 utillo,
1185 1921 1227 1991 ad
1259 1919 1333 1992 hu-

357 2045 529 2116 manitatis
547 2043 764 2137 meliorisque
775 2033 952 2136 ¹neligionis
970 2067 1124 2116 oarnsam
1142 2043 1332 2140 provehen-

241 2188 245 2195 ·
358 2167 438 2236 dam
462 2165 656 2256 adhiberet,
678 2164 876 2260 hujusmodi
894 2168 1006 2237 virum
1023 2179 1198 2262 rePertum
1216 2165 1330 2258 faisse’
1407 2151 1408 2192 i

359 2300 494 2384 praeter
518 2287 637 2377 illum,
662 2289 834 2360 neminem
857 2289 1012 2360 arbitror.
1043 2289 1181 2386 Propria
1204 2291 1331 2362 scilieet

360 2413 426 2507 ipsi
445 2413 571 2482 divina
589 2411 648 2482 illa
670 2412 789 2502 inerat,
811 2437 915 2508 quam
932 2413 1107 2510 perspexit
1124 2413 1160 2482 in
1171 2435 1213 2486 eo
1224 2413 1330 2500 Plato,

336 2525 475 2608 ¹om'mi
498 2541 556 2608 vis
579 2547 615 2610 et
633 2539 856 2634 pulcritudo.
