2836 5080
706 477 896 550 ...ῃ-

317 706 359 754 ne
377 703 500 777 equum
523 679 640 757 malis,
665 673 852 747 millius?
876 673 1139 770 Illincr'nquffl
1168 670 1290 767 Quid?

313 809 348 876 ei
367 802 524 900 fundum
555 801 739 872 mliorem
774 801 918 880 babent,
951 820 1056 895 qaam
1092 807 1130 868 tu
1167 791 1290 879 bobes,

314 939 436 1000 ulrum
467 925 608 997 oedem
629 924 791 1019 fundum
820 917 1109 994 interessetis?
1160 913 1290 1010 Itttm,

314 1053 446 1146 inqtcs‘t,
471 1049 654 1118 meliorem
670 1048 819 1119 scilicet.
851 1041 976 1139 Quid?
1000 1048 1035 1114 el
1055 1067 1204 1115 onorem
1221 1067 1294 1112 mo-

316 1173 445 1244 liorem
476 1172 614 1250 tabeat,
651 1193 756 1266 quom
785 1180 827 1240 tu
856 1170 974 1247 babes,
1006 1179 1128 1238 utram
1159 1161 1291 1236 molis?

317 1297 432 1393 Atque
457 1297 517 1366 hic
543 1268 740 1389 Xenoplioo
760 1316 890 1390 quoquo
913 1295 991 1387 epse
1015 1293 1129 1362 tacuit
1148 1287 1239 1387 (*).”

366 1419 467 1490 Artes
492 1419 588 1510 illae,
613 1420 767 1514 quamvis
792 1417 943 1508 festivae,
967 1415 1170 1512 sophisticae
1189 1427 1293 1506 sunt,

317 1566 388 1614 non
421 1543 475 1613 via
508 1555 560 1614 est
589 1542 695 1644 baec,
729 1543 798 1637 qut
833 1541 878 1613 ad
897 1543 1060 1612 virtutem
1080 1539 1296 1634 pervenitur-2

317 1665 393 1756 sed,
416 1689 505 1760 quae
526 1667 613 1736 ratio
633 1666 760 1760 ingenii
780 1663 920 1735 humani
938 1675 1008 1752 est,
1031 1660 1235 1758 praeoedere
1257 1659 1297 1728 il-

318 1789 373 1858 lae
395 1787 603 1878 debuemnt,
625 1799 827 1882 anteaquam
851 1786 894 1857 ad
916 1781 1106 1882 ὲτωγωγῆν,
1127 1803 1296 1878 quamve

319 1913 409 1984 cavit
440 1909 652 2001 Aristoteles,
671 1915 801 2006 justam
823 1909 918 1980 illam
937 1909 1009 1978 veri
1031 1905 1226 1978 inveniendi
1236 1927 1296 1976 ra-

320 2035 461 2124 tionem,
483 2033 659 2106 accederet
681 2032 844 2102 Socrates.
870 2028 1132 2126 Requirebatur‚
1152 2039 1193 2099 ut
1208 2026 1296 2098 hanc

321 2167 414 2226 recte
435 2165 636 2249 usurparet,
656 2157 797 2250 ingenii
819 2155 1069 2250 doctrinaeque
1089 2153 1296 2223 maturitas.

321 2277 390 2349 Sed
412 2279 601 2350 Socraticae
622 2277 828 2373 praestantia
841 2275 1038 2348 dialecticae
1048 2277 1136 2346 ineo
1148 2274 1297 2346 cernitur

319 2401 550 2494 potissimum,
563 2393 1297 2503 quodeamadroeteerudiendaodolescen·

322 2534 399 2594 tum
428 2523 562 2617 ingenia
584 2521 772 2594 adhiberet.
824 2522 921 2593 Dicta
943 2521 987 2592 ab
1009 2522 1085 2615 ipso
1107 2513 1297 2614 μωευτικῆ,

323 2671 389 2718 ore
420 2648 679 2718 obstetricandi
709 2655 774 2734 ost,
806 2656 846 2715 ut
876 2645 913 2713 in
934 2641 1084 2718 Platonis
1111 2640 1298 2714 Theaeteto

323 2779 456 2854 narrat3
489 2779 562 2836 erat
589 2777 704 2836 autem
732 2765 980 2860 hujuscemodi.
1029 2764 1199 2836 Parturire
1217 2763 1300 2834 exis-

323 2888 469 2960 timabat
492 2912 562 2960 non
587 2887 699 2960 solum
735 2887 908 2978 mulieres,
940 2885 1002 2958 sed
1027 2875 1166 2980 'ingenia
1198 2888 1300 2956 etiam

320 3016 500 3108 juvenum,
520 3035 607 3107 quae
628 3010 770 3107 quidem
790 3023 826 3080 et
851 3011 974 3081 nature
996 3021 1110 3080 essent
1134 3007 1301 3080 foecunda

324 3147 361 3205 et
380 3134 498 3206 studio
515 3157 659 3230 usuque,
678 3133 870 3227 cogitando,
889 3131 1097 3221 meditando,
1109 3129 1301 3226 reputando

324 3258 569 3350 concepissent,
601 3278 690 3351 quae
722 3254 824 3326 odore
846 3255 882 3324 in
903 3254 1017 3326 lucem
1039 3265 1188 3324 arerent.
1240 3252 1301 3322 His

258 3431 260 3436 ·
325 3378 508 3476 opitulari,
548 3378 663 3474 prouti
704 3377 905 3449 mulieribus
939 3375 1049 3447 solent
1082 3375 1300 3466 obstetrices,

325 3524 428 3573 suum
455 3522 529 3570 esse
563 3498 714 3571 officium
746 3499 899 3570 dicebat:
930 3496 1165 3592 opitulabatur
1185 3509 1300 3568 autem

325 3621 567 3716 interrogando
599 3634 655 3714 et,
688 3621 857 3718 quidquid
879 3620 1019 3692 insitum
1041 3619 1185 3714 ingeniis
1207 3633 1301 3710 orat,

326 3743 504 3816 eliciendo.
558 3745 627 3816 Nec
660 3767 739 3816 vero
761 3745 797 3814 in
817 3743 870 3814 his
892 3741 1069 3839 spectabat
1091 3743 1210 3834 unico,
1232 3768 1301 3838 quo
1406 3799 1409 3820 i

363 4013 402 4082 Γ)
416 4018 455 4065 Be
474 4016 570 4066 lavent.
587 4015 608 4063 l.
626 4015 668 4066 ³1.
