2828 5098
460 457 685 530 -129-

87 653 153 741 ait,
178 677 267 724 unus
288 653 370 722 item
391 651 730 726 celebrandusamor
752 653 1053 741 videreturtnune,

87 799 162 845 oum
190 775 281 846 duae
307 775 375 844 sint
394 773 563 865 Veneres,
585 777 703 846 urania
725 801 765 847 ac
785 777 954 869 vulgaris,
973 776 1055 846 vul-

85 899 173 992 garis
206 921 300 968 amor
321 896 554 992 repudiandus
580 911 633 968 est
664 899 784 988 nobis,
807 899 899 970 solus
921 899 1057 969 uranius

84 1022 226 1092 summis
256 1019 414 1090 laudibus
446 1019 705 1092 eeleb1·andus.'’
734 1024 845 1093 ·Tum
864 1023 955 1116 ipse,
976 1021 1059 1091 sub-

84 1143 192 1212 tiliter
210 1142 370 1212 distincta
390 1141 571 1236 utriusque
590 1144 713 1213 amoris
729 1145 864 1233 natura,
885 1167 965 1214 cum
977 1165 1057 1216 enu-

84 1277 192 1351 merat
225 1263 337 1353 bona,
367 1285 455 1358 quae
486 1263 625 1334 coelesti
654 1265 759 1335 amori
782 1264 959 1336 hominum
988 1267 1060 1336 vita

84 1387 201 1477 debet,
222 1399 297 1457 tum
317 1383 471 1456 Phaedro
488 1387 673 1457 assentitur
691 1386 803 1477 saeile,
826 1388 887 1482 qui
909 1411 1059 1458 amorem
1176 1403 1197 1456 ff

84 1509 215 1580 dixerat
242 1509 379 1579 virtutis
406 1520 579 1578 auctorem
601 1509 796 1581 hominibus
823 1533 919 1601 esse,
947 1511 1058 1581 homi·

85 1654 215 1727 aesque
245 1629 330 1701 adeo
363 1625 484 1708 ἐνθέους
517 1629 561 1699 ad
579 1631 743 1702 virtutem
764 1632 920 1722 efficere,
938 1647 1005 1723 ut,
1028 1635 1058 1704 si

86 1755 252 1826 exereitus
271 1765 383 1842 osset,
407 1752 468 1846 qui
491 1753 696 1850 amatoribus
720 1765 755 1822 et
779 1756 913 1825 amasiis
924 1768 1058 1826 consta-

86 1891 159 1968 ret,
185 1877 285 1972 pauci
307 1874 344 1944 hi
362 1875 556 1944 innumeros
579 1873 693 1945 hostes
704 1872 939 1969 profligarent,
954 1878 1057 1970 quip-

86 2022 127 2094 pe
148 1998 194 2068 ad
216 1995 480 2092 praeclarissima
502 1993 681 2066 tendentes
712 1997 824 2066 omnia
846 1999 890 2092 τῇ
912 1993 970 2070 ἐπὶ
994 1999 1062 2076 τοῖς

87 2123 197 2200 καλοῖς
214 2104 410 2216 φιλοτιμίᾳ,
431 2130 507 2188 tum
528 2141 609 2188 vero
628 2119 728 2188 etiam
753 2121 796 2214 τῇ
818 2115 875 2194 ἐπὶ
896 2122 963 2200 τοῖς
985 2120 1060 2194 aiu-

88 2247 183 2342 χροῖς
213 2219 360 2340 alexim
383 2240 491 2310 ducti.
543 2239 711 2310 Distincte
739 2253 855 2312 autem
879 2243 916 2310 in
938 2241 1059 2314 eodem
1087 2291 1091 2302 .

86 2367 222 2457 dialogo
243 2388 286 2434 ex
302 2363 423 2431 intimo
437 2360 584 2430 hominis
606 2363 720 2432 animo
731 2387 879 2435 amorem
889 2378 1060 2461 repetens,

86 2484 230 2575 toletan,
265 2483 505 2578 indigentiam
539 2502 619 2550 eum
652 2503 725 2551 esse
743 2487 914 2554 moralem
936 2486 1060 2575 docet,

87 2633 154 2705 quo
175 2609 249 2696 fiat,
273 2617 312 2674 ut
339 2601 581 2691 desideremus,
603 2623 691 2695 quae
704 2604 1058 2698 suntpulcra,hones·

88 2744 142 2821 ta,
171 2730 308 2818 divina,
330 2747 516 2819 eorumque
540 2722 655 2794 studio
681 2735 786 2819 atque
804 2726 924 2800 ardore
945 2730 1062 2800 ineen-

89 2854 226 2925 damur:
249 2851 370 2940 docet,
394 2849 554 2936 amorem,
577 2857 617 2918 ut
642 2847 848 2942 optimarum
870 2873 984 2922 rerum
1002 2875 1060 2948 ao

89 2987 284 3072 petentem,
312 2971 464 3044 medium
499 2970 588 3039 inter
620 2969 707 3040 De'os
730 2981 765 3040 et
787 2969 940 3044 homines
962 2968 1059 3065 esse,

89 3098 210 3170 horum
237 3119 354 3192 preoes
374 3093 546 3182 aeneos,
572 3091 710 3164 illorum
727 3097 824 3188 jussa
845 3077 890 3166 ad
907 3095 1059 3170 homines

90 3219 365 3291 transferentem:
386 3215 498 3305 docet,
521 3213 661 3312 tendere
685 3237 833 3308 amorem
852 3215 897 3284 ad
922 3217 1061 3291 immor-

90 3342 275 3412 talitatem:
304 3363 383 3410 nam
403 3337 539 3434 explere
565 3335 738 3408 hominem
759 3343 797 3408 'm
817 3337 883 3409 hae
907 3341 976 3410 rita
999 3341 1060 3431 de7

89 3464 210 3536 sideria
239 3487 300 3534 sua
331 3485 400 3532 non
419 3483 538 3556 posse:
559 3457 650 3530 unde
671 3459 897 3560 immortalem
915 3467 1060 3559 optimos

91 3611 242 3683 quosque
266 3586 407 3680 gloriam
432 3596 563 3680 petere:
588 3577 689 3654 docet
713 3581 872 3680 denique,
892 3585 1061 3684 adipsmn
1150 3575 1153 3584 “

92 3712 271 3804 pulcrum,
294 3707 338 3780 ad
361 3710 476 3803 ipsum
500 3718 534 3777 et
558 3707 689 3777 bonum
709 3718 744 3776 et
762 3710 897 3800 justum
918 3720 954 3778 et
963 3734 1061 3781 sane·
1182 3693 1188 3698 .

91 3841 161 3904 tum
194 3845 229 3904 et
260 3832 417 3902 divinum
446 3852 594 3900 amorem
624 3853 683 3900 nos
706 3830 841 3904 ducere.
892 3825 979 3904 Nam
1000 3832 1078 3914 ho,

92 3956 184 4045 mini,
203 3957 239 4027 in
263 3953 328 4026 hoe
350 3953 556 4047 optimarum
578 3973 692 4026 rerum
714 3954 895 4043 desiderio,
917 3975 1059 4024 rosmu-
