2836 5080
498 437 694 508 ,4ρῇ

111 634 370 728 Cyrenaicorum
391 635 466 706 fuit.
505 639 545 708 ln
566 639 630 708 alia
653 638 690 708 hi
715 641 827 710 omnia
848 640 1082 732 discedebant,

109 767 146 826 ut
180 757 393 852 voluptates,
428 757 586 850 divitias,
619 763 778 857 vitaeque
800 761 939 834 delicias
961 789 1083 858 magno

108 876 274 950 haberent
297 879 385 950 loco:
409 894 631 954 veruntamen
654 883 793 954 tenebat
813 882 884 954 fere
895 883 983 954 illud
994 885 1082 958 hris-

107 1002 248 1097 tippus:
283 1003 372 1099 ἒχω,
402 1003 459 1078 οὐκ
483 1005 624 1103 ἔχομαι.
676 1006 845 1076 Iltebatur
867 1005 1027 1078 lubenter
1049 1021 1084 1080 et

104 1122 295 1213 fruebatur,
313 1125 440 1219 quibus
461 1127 644 1222 Dionysius
665 1129 778 1224 ipsum
789 1128 1000 1220 cumulabat,
1012 1154 1085 1200 mu·

70 1327 71 1330 Ἴ
102 1247 265 1336 neribus,
298 1247 379 1338 sed,
410 1259 449 1318 ut
480 1250 588 1321 teneri
618 1273 656 1322 se
684 1249 754 1322 illis
773 1251 1084 1344 animadvertebat,

106 1383 281 1462 metuens,
304 1395 349 1442 ne
371 1373 419 1442 ita
442 1395 515 1444 esse
536 1375 590 1444 sui
613 1397 764 1470 compos,
789 1374 1010 1470 αὐτοκρατὴς,
1027 1376 1085 1446 de·
1206 1447 1209 1452 .

107 1494 250 1584 sineret,
273 1493 477 1588 repudiabat
498 1495 568 1566 illa.
618 1497 736 1592 ltaque
759 1496 796 1567 in
818 1499 977 1568 extremis
999 1499 1086 1588 istis,

107 1617 368 1712 quacumque,
392 1629 428 1688 et
450 1617 568 1713 Cynici
591 1631 627 1690 et
638 1618 825 1714 Cyrenaici,
837 1620 1085 1717 persequeban-

108 1751 178 1829 tur,
216 1753 289 1810 erat
311 1763 459 1834 semper,
482 1743 612 1836 quoin
634 1742 782 1836 placitis,
805 1744 842 1812 in
862 1743 1028 1832 moribus,
1050 1744 1087 1814 in

106 1864 197 1934 vitae
218 1862 469 1934 consuetudine
490 1864 691 1957 magistrum
713 1863 890 1934 referrent.
921 1864 991 1934 Sed
1013 1864 1088 1934 illas

106 1986 191 2055 item
223 1997 416 2080 spectemus
447 1998 578 2076 sectas,
602 2009 691 2080 quae
714 2009 756 2056 ex
779 1985 833 2056 his
855 1998 950 2058 ortae
971 1998 1090 2080 postea

107 2121 212 2198 sunt,
244 2109 391 2182 Stoicam
415 2120 450 2179 et
473 2108 685 2205 Epicuream.
737 2109 804 2180 Res
829 2107 986 2204 physicas
1010 2105 1091 2176 illae

105 2243 297 2304 tractarunt
328 2232 455 2322 denuo,
491 2256 637 2328 marum
661 2232 828 2326 principia
851 2232 896 2302 ab
917 2230 1089 2305 Heraclito

107 2366 143 2424 et
169 2353 368 2424 Democrito
389 2351 570 2450 duxerant.
593 2353 722 2424 Socrati
742 2376 824 2424 vero
851 2354 912 2424 uni
936 2354 1090 2426 omnium

105 2475 258 2544 maxime
278 2474 317 2546 rh
334 2474 545 2568 αὐτοκρατὲς,
571 2471 665 2567 quod
680 2474 943 2567 profitebantur,
964 2475 1090 2546 debue

103 2606 202 2666 runt.
257 2593 364 2664 Recte
391 2591 429 2662 id
453 2592 540 2662 vidit
564 2592 734 2686 Anglicus
761 2591 923 2664 historiae
942 2593 1089 2666 Graecae

105 2717 266 2812 scriptor,
291 2715 422 2786 Gillies.
476 2716 675 2804 »Quamvis
696 2716 755 2806 ait,
777 2727 1008 2812 repugnarent
1024 2715 1090 2786 sibi

108 2841 253 2912 invicem
276 2840 380 2912 Stoici
398 2851 502 2934 atque
520 2840 688 2936 Epicurei,
710 2840 957 2912 conveniebant
975 2851 1090 2910 tamen

108 2963 146 3032 in
170 2985 222 3054 eo,
244 2961 338 3058 quod
363 2987 459 3034 suam
481 2963 619 3056 utrique
639 2961 891 3058 philosophiam
910 2961 1000 3032 viam
1017 2983 1089 3032 esse

107 3098 270 3182 putarent
293 3085 464 3158 felicitatis
483 3107 646 3156 summae.
696 3085 843 3178 Utrique
864 3085 902 3152 in
921 3082 1090 3176 sapiente,

107 3231 212 3302 quern
232 3208 423 3303 fingebant,
446 3209 582 3306 plenam
602 3209 822 3304 requirebant
840 3208 877 3276 in
893 3203 1009 3276 studia
1019 3227 1088 3275 om·

108 3331 167 3400 nia
187 3343 221 3400 et
241 3330 382 3403 affectus
405 3333 658 3404 auctoritatem:
677 3332 816 3425 utrique
837 3327 1087 3414 existimabant,

106 3452 176 3526 hae
196 3454 293 3524 illum
313 3456 385 3526 vita
397 3479 591 3551 supremam
609 3475 709 3550 posse
727 3453 924 3528 felicitatem
940 3451 1086 3546 assequi.

107 3577 149 3648 Et
169 3577 263 3648 Zeno
281 3589 316 3648 et
337 3578 503 3673 Epicurus
526 3577 716 3650 doctrinam
735 3575 908 3668 rejiciebat
926 3571 971 3644 de
993 3595 1086 3669 prae

108 3701 186 3772 miis
211 3710 247 3770 et
263 3723 265 3728 ·
279 3700 397 3795 poenis
412 3701 464 3769 ‘in
486 3701 592 3770 altera
612 3696 760 3793 quadam
783 3696 869 3786 vita,
890 3695 1022 3791 quippe
1042 3691 1087 3762 ad

108 3847 207 3894 suam
227 3819 480 3922 philosophiam
500 3846 570 3894 non
591 3819 827 3894 necessariam:
856 3829 1003 3910 uterque
1024 3835 1086 3880 au*

109 3944 286 4018 tochiriam
307 3943 492 4038 probabat:
514 3955 659 4038 uterque
684 3941 893 4036 gloriabatur
913 3935 1086 4018 felicitate,

919 4054 943 4124 4
