2828 5098
482 481 701 554 -107-

462 779 720 848 tuotcluu

290 977 329 1020 nn
352 975 509 1024 emmone
532 977 570 1023 m
592 977 754 1025 somniant
775 949 894 1025 anniae

512 1109 674 1157 eulmine.

155 1294 234 1366 Dux
264 1296 362 1367 nobis
393 1299 438 1367 sit
470 1300 505 1368 in
533 1297 720 1394 judicanda
752 1297 902 1370 Platonis
931 1297 1080 1368 oratione

106 1415 323 1508 Aristoteles,
346 1419 560 1492 acutissimus
584 1421 643 1491 ille
664 1421 826 1517 idemque
848 1419 1080 1492 severissimus

106 1545 284 1636 poetarum
314 1567 354 1614 ao
389 1544 592 1640 scriptorum
625 1568 755 1617 censor.
812 1543 923 1634 Dixit,
955 1554 1011 1614 ut
1029 1553 1080 1612 est

105 1663 199 1759 apud
221 1665 408 1759 Diogenem
430 1664 622 1757 Laertium,
650 1667 798 1738 mediam
818 1667 912 1738 illam
934 1688 1008 1738 esse
1027 1665 1080 1734 in·

106 1799 157 1858 ter
193 1791 315 1883 poema
346 1799 382 1860 et
419 1787 614 1883 pedestrem
646 1791 832 1862 orationem
863 1787 925 1885 (*)
986 1787 1082 1875 Quae

105 1912 296 1984 eommunis
328 1911 489 2007 deinceps
528 1910 594 1982 fuit
638 1911 851 2007 antiquitatis
890 1910 1079 1980 sententie:

105 2057 314 2128 quamquam
337 2059 357 2105 a
378 2034 553 2130 plerisque
576 2035 612 2104 in
631 2036 756 2108 bonam
776 2033 857 2126 fere,
879 2032 1082 2128 quinetiam

106 2155 141 2226 in
164 2158 330 2253 optimam
353 2171 484 2253 partem
510 2171 660 2255 aoeepta.
711 2157 890 2228 Panaetius
904 2155 1082 2259 Platonem

106 2276 307 2352 Homerum
339 2283 470 2354 vocavit
487 2283 791 2378 philosophorum
814 2277 887 2376 (†).
938 2277 993 2348 sto
1014 2300 1081 2346 au·
1179 2297 1182 2304 ¹

105 2413 177 2472 tem
200 2400 245 2470 de
267 2425 307 2472 eo
334 2401 585 2489 Quintilianus:
601 2405 918 2498 philosophorum,
939 2426 984 2472 en
997 2403 1082 2496 qui-

107 2528 171 2594 bua
189 2524 395 2620 plurimum
414 2549 451 2594 se
477 2526 635 2622 tronione
660 2513 878 2619 eloquentiae
911 2521 965 2592 M.
995 2519 1082 2593 Tut-

106 2649 179 2719 liue
204 2646 403 2740 confitetur,
426 2649 505 2743 quie
530 2646 667 2717 dubitet
682 2645 874 2717 Platonem
892 2669 1082 2739 eaeoprue-

107 2775 269 2867 cipum,
302 2773 378 2840 sive
408 2771 570 2840 acumine
591 2769 797 2840 disserendi
818 2771 895 2839 aiae
917 2769 1081 2864 eloquen-

110 2893 148 2962 cti
153 2894 338 2990 facultate
357 2893 511 2990 quodam
532 2893 659 2964 divine
682 2904 719 2964 et
740 2889 967 2964 Homerica?
991 2893 1083 2963 mul·

110 3026 181 3088 tum
215 3019 310 3087 euim
338 3041 453 3113 supra
483 3041 637 3113 proaem
670 3019 870 3092 orationem
907 3024 942 3086 et
977 3039 1083 3110 quem

105 3141 310 3235 pedestrem
341 3138 476 3212 Graeci
496 3150 640 3228 vocant,
669 3143 814 3237 surgit:
836 3149 876 3211 ut
898 3139 992 3208 mitt
1012 3163 1083 3208 non

110 3263 263 3364 hominio
290 3266 454 3360 ingenio,
480 3263 544 3334 aed
565 3263 716 3359 quodem
742 3263 914 3334 uideatur
936 3261 1082 3333 oraculo

111 3384 288 3481 Delphico
308 3390 500 3458 instinctus
523 3382 586 3482 (o).
637 3383 676 3454 ld
697 3396 811 3455 autem
833 3383 1007 3455 Platonem
1025 3383 1082 3455 ha·

109 3505 224 3578 huisse
255 3533 334 3580 eum
368 3507 561 3580 Democrito
589 3527 789 3596 commune,
822 3504 926 3577 refert
954 3505 1081 3578 Cioeto.

110 3627 235 3728 Itaque
256 3633 376 3722 uideo,
402 3635 518 3702 nisum
540 3655 615 3700 esee
637 3629 838 3719 nonnullae,
859 3627 1027 3700 Platonis
1040 3654 1084 3700 ue

141 3837 178 3907 (*)
206 3840 274 3904 Diog.
298 3839 374 3888 hert.
393 3839 438 3889 Ill.
461 3841 503 3888 25.
533 3841 605 3906 Φησὶ
624 3837 651 3890 δ’
672 3835 840 3906 Αριςοτίλης
858 3841 909 3903 τὴν
927 3840 980 3887 τῶν
1000 3837 1084 3900 λόγων

114 3930 192 3983 totae
213 3931 301 3982 αὐτοῦ
324 3932 426 3992 nevelo
446 3935 598 3997 ποιήματος
618 3923 690 3982 εἶναι
708 3933 756 3984 καὶ
772 3933 860 3995 πεζοῦ
881 3929 970 3993 λόγου.

134 4026 181 4094 ffl
200 4027 249 4076 Cic.
272 4025 347 4074 Iliae.
366 4026 387 4073 l.
403 4025 445 4116 3¹2.
516 4023 549 4092 (ᾗ)
567 4025 649 4088 Quint.
667 4028 729 4076 Imt.
751 4027 792 4075 Or.
809 4025 837 4074 Χ.
858 4026 882 4070 l.
