2836 5080
691 494 875 566 ..54-

210 757 212 762 -
293 702 379 772 haec
395 698 585 770 tradentem
604 693 751 768 induxit.
769 693 933 766 Similiter
941 693 1069 789 posteri
1080 691 1163 762 lore.
1187 692 1270 779 Qui·

294 843 431 918 ctmque
464 831 542 916 post
570 818 742 892 Socratem
763 817 895 888 navitas
920 816 956 886 in
978 837 1114 887 numm
1135 813 1264 886 doctri-

295 967 374 1016 nam
399 941 650 1032 incubuerunt,
673 951 818 1012 tractare
839 962 876 1011 se
900 938 1128 1012 Socraticam
1150 937 1270 1034 philo-

294 1067 448 1163 sophiam
479 1062 621 1160 pmfessi
652 1075 745 1135 sunt.
795 1061 941 1133 Porcus
975 1060 1035 1131 ille
1068 1060 1161 1132 omni
1189 1081 1270 1130 aevo

294 1190 486 1261 veiissimae
510 1186 745 1284 philosophiae
766 1184 880 1258 dietus
903 1183 950 1256 ab
980 1183 1139 1256 omnihus
1166 1181 1271 1253 hahi-

295 1327 420 1408 tusque
444 1323 508 1382 est.
719 1297 723 1304 ’

702 1469 863 1492 --··=—

491 1751 494 1758 ⁴
539 1686 1031 1750 annunciationis

680 1855 899 1931 seculus.

298 2149 301 2153 .
345 2054 461 2142 Qualis
492 2051 608 2124 indole
639 2065 744 2146 utque
766 2052 902 2144 ingenio
924 2051 1077 2123 &matos
1104 2050 1274 2140 lueiit,e

296 2177 432 2271 scriptis
451 2175 496 2244 de
518 2197 559 2246 eo
581 2175 823 2265 monumentis,
845 2195 886 2244 ex
905 2174 1012 2270 ipsius
1029 2173 1077 2244 de
1094 2197 1131 2244 se
1153 2173 1274 2262 dictis,

297 2312 372 2369 tum
405 2319 485 2367 vero
508 2320 527 2366 e
549 2295 653 2366 rebus
673 2293 717 2366 ah
740 2318 780 2366 eo
805 2296 841 2365 in
861 2295 1040 2390 republica
1061 2297 1177 2390 gestis,
1199 2320 1275 2368 om-

297 2421 462 2514 niumque
494 2418 679 2488 maximae
704 2416 919 2513 philosophia
943 2419 1006 2488 viri
1030 2443 1070 2489 ae
1094 2420 1272 2514 partibus,

298 2553 395 2638 quas
414 2543 451 2611 in
482 2539 621 2612 historia
653 2539 889 2637 philosophiae
911 2541 1046 2631 hahuit,
1064 2541 1125 2632 sic,
1153 2544 1206 2614 uti
1228 2542 1276 2612 fa-

297 2687 373 2736 cere
391 2665 614 2754 instituimus,
631 2661 720 2734 effici
742 2675 868 2757 potest.
918 2663 984 2735 Nos
1007 2664 1043 2734 in
1055 2665 1117 2736 'his
1137 2665 1273 2760 disqui-

297 2787 477 2859 sitionibus
499 2809 563 2856 nee
582 2784 721 2869 laudare
743 2785 867 2874 virum,
891 2809 966 2876 uec,
988 2788 1082 2883 quod
1093 2781 1274 2859 multiale-

298 2933 336 2979 re
365 2907 507 3004 placuit,
534 2906 676 3001 culpare
698 2919 733 2976 et
755 2907 925 2978 criminari
948 2909 1130 2982 voluimus.
1182 2911 1275 3007 lpse,

298 3032 409 3128 qualis
443 3031 521 3122 mit,
549 3030 688 3128 qualem
705 3053 743 3102 se
765 3031 802 3100 in
824 3044 1004 3129 utramque
1026 3045 1159 3130 partem
1181 3055 1277 3130 spem

298 3155 444 3226 tandum
464 3153 574 3244 dedit,
595 3153 673 3224 talis
690 3152 789 3224 nohis
807 3179 870 3250 pto
880 3157 1031 3227 veritatis
1042 3156 1276 3252 studio,quod

299 3289 434 3349 nostrae
457 3289 508 3348 est
531 3277 634 3347 aetati
658 3277 1155 3371 proprium,deserihendusac
1168 3279 1276 3350 veluti

299 3397 555 3470 adumbrandus
587 3399 848 3496 pingendasque
879 3402 927 3470 in¹
944 3401 1111 3473 lectorum
1133 3404 1276 3496 gratiam

299 3520 491 3592 videbatur.
541 3518 641 3608 Quod
670 3522 904 3617 qualicunque
937 3523 1039 3596 modo
1065 3537 1276 3596 tentatuma

1411 2521 1413 2630 l

299 3643 398 3715 nobis
422 3655 528 3738 atque
562 3641 770 3733 inchoatum,
796 3645 825 3713 si
848 3645 925 3739 quis
948 3649 1107 3743 peisequi
1130 3673 1172 3720 ao
1190 3671 1276 3744 per·-
1411 3719 1412 3730 ,

297 3767 401 3839 ficere
418 3764 513 3854 velit,
536 3765 564 3835 is
583 3765 675 3859 legat
701 3765 887 3837 Platonem.
913 3767 997 3839 Nam
1019 3769 1275 3867 inXenqshon-

299 3901 347 3981 te,
379 3889 473 3986 quod
507 3889 680 3958 verissime
713 3888 799 3958 dixit
833 3891 1129 3988 wyttenbachius,
1152 3901 1275 3992 imago

300 4025 354 4084 est
377 4015 556 4102 Socratis,
580 4037 664 4084 vera
686 4023 722 4088 et
743 4020 888 4110 egregia
911 4021 1275 4113 capraemontem-
