2824 5084
439 457 661 532 -187-

68 654 202 748 potuit,
227 652 292 734 sed
320 653 419 725 nohis
441 655 478 726 in
499 651 552 728 hie
575 656 807 751 posteriorum*
824 655 1035 730 saeculorum

64 775 237 852 :institutis
262 775 369 870 ipsius
393 799 585 871 agnosearu
593 777 830 874 philosophiae
843 776 1037 852 Platonicae

70 899 159 993 aim,
184 897 378 970 ubertatem
401 909 505 996 atque
526 900 788 996 amplitudinem
810 899 904 974 lieet.

115 1020 267 1110 durabat
289 1020 355 1093 hoo
374 1022 476 1096 modo
499 1023 686 1096 inhistoria
697 1023 945 1122 philosophiae,
962 1035 1038 1095 tan·

68 1167 175 1240 quam
195 1145 233 1214 in
255 1143 409 1240 speculo,
431 1166 569 1218 eernere
589 1171 669 1220 oum
690 1146 853 1238 Platonis,
874 1159 949 1218 tum
960 1144 1039 1240 phi„

63 1267 260 1364 losophiae,
285 1291 390 1363 quam
412 1269 584 1362 oondidit,
606 1272 799 1366 imaginem.
835 1270 930 1342 Idem
948 1291 1041 1341 nune

68 1391 248 1486 speculum
281 1389 498 1466 aristotelem
534 1394 634 1468 nohis
666 1407 772 1490 atque
803 1391 1040 1478 Aristotelem

69 1513 319 1610 philosophiam
340 1528 583 1611 repraesentet.
617 1516 833 1609 Videbimus,
856 1541 926 1590 non
947 1539 1039 1604 esse,

70 1637 164 1708 ande
186 1638 310 1710 elarius
334 1638 432 1710 nohis
457 1638 664 1734 pleniusque
684 1641 864 1736 utriusque
888 1638 1039 1737 philoso-

71 1759 171 1854 phiae
193 1759 377 1834 discrimen
399 1772 572 1866 apparmt.
940 1767 943 1774 “

317 2038 546 2088 PfflOEOPlssAB
569 2037 799 2088 msromm

476 2197 634 2246 HISTORIA.

115 2367 165 2446 Ut
198 2375 288 2436 artes
321 2363 506 2458 literaeque
535 2364 730 2459 Europaeae
763 2377 881 2458 gentes
911 2362 1043 2436 Platoni

68 2487 305 2584 potissimum,
340 2485 389 2556 ita
424 2485 599 2558 Aristoteli
634 2484 804 2558 doctrinas
837 2484 1043 2559 debuerunt.

68 2611 210 2682 lllarum
233 2609 364 2682 seilicet
387 2607 484 2680 Plato
507 2608 602 2704 apud
626 2586 792 2699 Graecos,
817 2606 940 2680 harum
958 2605 1047 2678 Aris

70 2733 191 2806 rotela
216 2733 422 2806 instaurator
442 2730 563 2802 luerat.
588 2729 720 2818 Quodsi
741 2731 956 2802 Academiae
966 2753 1047 2802 nos-

73 2868 145 2928 trae
180 2857 251 2928 sive
282 2855 464 2928 doctorum
499 2855 536 2924 in
565 2853 699 2949 Europa
731 2853 882 2925 virorum
903 2853 1048 2926 sociem

73 2989 122 3050 tes
161 2975 311 3049 Platonis
345 2976 382 3046 in
416 2987 506 3048 artes
539 2973 724 3069 literasque
759 2975 880 3046 merita
919 2974 1046 3046 retule-

72 3111 176 3190 runt,
217 3101 346 3194 pariter
378 3097 590 3172 dominatum
633 3097 704 3170 fere
735 3097 772 3168 in
816 3095 1047 3170 Universos·

74 3225 167 3292 tibus
202 3220 384 3316 Europaeis
419 3220 611 3294 Aristotelis
644 3221 819 3315 ingenium
856 3231 919 3292 est.
980 3219 1047 3294 Sed

74 3343 157 3416 haee
190 3355 231 3416 ut
261 3343 497 3438 intelligantur
531 3355 644 3435 reate,
675 3365 729 3417 ros
760 3343 805 3416 ab
828 3342 925 3418 initio
948 3366 1047 3440 repe.-

74 3465 179 3540 tenda
201 3477 265 3538 est.
560 3550 561 3553 Ἴ

121 3589 252 3662 Paucos
295 3587 419 3664 hahuit
451 3588 653 3666 Aristoteles
685 3611 862 3685 sequaces,
894 3591 976 3686 qui,
1009 3601 1049 3666 ut

78 3707 351 3806 Theophrastus,
376 3712 550 3807 propriam
573 3712 640 3807 ipsi
661 3709 925 3808 philosophandi
946 3711 1048 3783 ratio,

79 3855 155 3904 nem
177 3831 439 3912 aemularentur.
465 3831 570 3906 Prisci
591 3833 807 3930 Peripatetici
825 3857 895 3908 non
911 3853 1046 3924 magno·

79 3978 157 4049 pere
188 3956 327 4038 inarum
359 3956 404 4032 ab
428 3955 636 4038 Aoedemiois
651 3956 796 4034 diversi:
817 3975 1045 4053 quamquam,
