2836 5080
499 437 685 508 ...17-

154 630 371 704 Memoranda
393 631 476 702 haec
496 630 592 721 duxi,
615 655 659 702 ue
680 655 721 702 ex
743 633 948 728 posteritatis
967 631 1078 704 solum

105 754 252 848 judicio,
275 751 371 848 quod
392 752 492 824 multi
513 755 778 844 commiserunt,
801 753 845 824 de
866 755 1001 826 Socrate
1022 779 1076 826 ex·

109 879 344 948 istimaremus.
380 875 454 946 Non
475 876 580 968 magis
602 899 643 946 ex
665 875 825 946 laudibus
847 874 952 964 hisce,
974 901 1077 970 quam

108 1022 160 1070 ex,
181 997 416 1093 Aristophanis
438 1009 498 1068 aut
520 994 624 1092 Anyti
643 997 819 1092 Melitique
840 998 1077 1069 criminationi-

107 1123 171 1194 bus
192 1120 397 1216 judicandus
421 1121 474 1188 vir
495 1132 557 1188 est.
608 1121 694 1190 Rem
716 1143 777 1190 nos
800 1119 1011 1191 considerare
1031 1121 1077 1192 ab

106 1245 199 1316 omni
229 1255 326 1338 parte
348 1254 505 1338 oportet,
528 1244 704 1338 variasque
725 1267 765 1313 ac
787 1246 970 1315 contrarias
992 1245 1076 1314 adeo

106 1366 283 1438 hominum
316 1365 490 1460 opiniones
515 1388 717 1458 cognoscere
741 1377 777 1434 et
800 1389 1015 1459 comparare,
1038 1380 1078 1436 ut

107 1487 165 1578 id,
199 1511 268 1582 quc
307 1485 479 1556 tendimus
513 1487 632 1575 unice,
667 1512 813 1576 vcrurn,
846 1510 1076 1583 assequamur.

107 1610 233 1704 ltaque,
255 1633 324 1704 quo
345 1609 458 1678 minus
479 1606 655 1678 videamur
674 1609 823 1703 partium
842 1609 958 1682 studio
968 1609 1077 1700 ducti,

107 1731 283 1827 adjicimus
316 1730 409 1802 hisce
441 1730 621 1819 lubenter,
642 1743 853 1802 constantem
874 1731 963 1804 hanc
984 1736 1078 1830 apud

107 1867 258 1950 posteros
291 1853 495 1925 sententiam
517 1853 632 1941 luisse,
655 1853 699 1922 ab
721 1853 796 1947 ipso
818 1852 983 1947 Delphico
1005 1856 1078 1926 Deo

106 1978 276 2048 Socratem
297 1975 493 2046 mortalium
515 1975 667 2045 omnium
689 1975 976 2068 sapientissimum
999 1974 1079 2047 luis-

106 2123 142 2169 se
174 2099 329 2184 dictum3
365 2123 429 2169 nec
455 2111 570 2168 tamen
592 2099 793 2190 reticemus,
826 2097 920 2193 apud
941 2099 1079 2170 eosdem

106 2236 259 2318 posteros
281 2246 350 2292 non
372 2221 533 2311 defuisse,
556 2221 617 2316 qui
639 2218 887 2316 Aristophaneo
908 2243 990 2292 eum
1009 2245 1079 2294 mo

104 2345 151 2416 do
184 2345 464 2440 perstringerent,
498 2355 537 2412 ut
559 2342 726 2412 Lucienus
750 2341 842 2432 lecit,
864 2344 984 2437 quiin
1006 2342 1079 2414 dia-

103 2467 193 2560 logis
216 2463 416 2550 scribendis,
441 2475 480 2532 ut
503 2464 578 2556 ipse
603 2461 741 2552 latetur,
764 2464 909 2534 comicos
931 2479 1079 2542 sectatus

103 2601 156 2660 est
179 2587 323 2658 maxime
345 2581 417 2681 (³⁶),
441 2583 494 2654 rel
521 2584 581 2678 qui
603 2605 714 2654 mores
736 2583 881 2654 Socratis
904 2587 941 2654 in
961 2609 999 2655 re
1020 2611 1079 2681 po

103 2712 273 2782 tissimum
305 2707 468 2780 amatoria
502 2717 700 2802 carperent,
735 2718 775 2776 ut
802 2708 978 2802 ascriptis
1000 2733 1080 2780 cum

103 2837 248 2907 aliorum
282 2846 357 2904 tum
390 2831 524 2904 Maximi
553 2831 645 2926 Tyrii
679 2843 792 2926 patet,
823 2833 884 2926 qui
914 2830 1079 2904 desende-

103 2981 144 3028 re
175 2981 252 3030 cum
271 2954 328 3038 ¹ab
360 2955 413 3026 his
449 2954 739 3026 criminationibus
768 2953 975 3026 studuerunt
998 2955 1078 3052 (†):

105 3081 237 3154 »Δεννόν
270 3091 332 3176 γε’,
367 3079 414 3150 ait
436 3077 514 3167 ille,
549 3073 720 3172 Σωκράτην
743 3077 833 3148 οὔπω
858 3078 914 3150 aa)
936 3085 988 3150 νῦν
1017 3104 1079 3150 πε-

101 3199 249 3276 rotela
288 3203 593 3294 συκοφαντούμενον
634 3200 691 3270 scal
728 3194 947 3292 εὐθυνόμενον,
982 3199 1079 3276 ἄλλοι

101 3320 421 3420 παυροτέρουςοώτῷ
446 3315 523 3395 οἶνοι
548 3318 625 3398 τοὺς
654 3315 921 3416 ἐπιγιγνομένους
949 3317 1002 3396 ἀεὶ
1021 3324 1079 3397 κον)

102 3445 191 3525 τοὺς·
213 3443 425 3540 συκοφάντας
456 3441 592 3517 Ἀνύτου
625 3442 681 3514 κο)
709 3442 878 3532 Maliaco,
911 3443 968 3516 κον)
1000 3445 1077 3530 τοὺς

103 3565 244 3654 lamae
265 3563 432 3654 Ἀθηναίων
453 3569 513 3639 τῶν
536 3564 613 3636 τότε
635 3561 722 3660 (W
747 3563 937 3654 Caeterum,
960 3571 1076 3640 exorta

111 3883 118 3892 ·
138 3863 174 3934 (*)
191 3865 222 3918 V.
241 3865 304 3914 luit.
332 3863 403 3912 Phil.
420 3863 489 3912 Plct.
505 3861 559 3910 Vol.
576 3861 609 3910 ll.
628 3861 656 3911 P.
674 3861 694 3910 l.
712 3876 739 3926 p.
760 3861 818 3910 1³7.
887 3857 925 3927 (Τ)
940 3859 1001 3908 llax.
1022 3863 1075 3926 l'yr.

103 3961 175 4009 Dies.
192 3956 395 4009 mv-xxvm
447 3951 480 4020 (ᾗ)
497 3951 570 4004 taem.
588 3953 658 4000 Dira.
678 3951 718 4004 lx.
737 3949 760 4000 l.
780 3965 832 4016 pag.
851 3950 915 4012 140,
934 3952 991 3999 lto.

463 4027 465 4033 ’
907 4040 929 4107 2
