2828 5098
715 449 910 520 mag...

327 649 526 735 familiares,
550 660 590 718 ut
611 659 702 717 reete
723 645 868 718 erlucare
890 656 1047 740 parentas
1073 644 1162 716 lilios
1185 644 1301 716 disee-

327 781 422 874 rent,
451 766 660 854 introduxit,
684 766 746 838 sed
767 769 894 862 pariter
918 766 988 838 diei
1008 790 1126 838 rursus
1147 767 1302 840 Socrates
1405 755 1407 816 ἶ

327 915 445 963 eorum
472 891 674 985 pmdromus
706 901 838 985 potest,
870 891 932 984 qui
957 889 1047 961 hane
1073 889 1163 960 vitae
1182 889 1303 986 philo-

328 1012 483 1108 sophiam
519 1012 562 1082 ad
585 1011 790 1084 moderanda
812 1012 952 1108 imperia
972 1011 1174 1083 conferrent.
1233 1014 1303 1085 Nee
1407 1093 1408 1106 χ

328 1160 408 1207 vero
434 1134 496 1206 hos
521 1137 703 1231 praecessit
730 1134 966 1226 solummodo,
1000 1135 1061 1206 sed
1082 1136 1221 1207 illorum
1241 1159 1303 1232 pa·

328 1261 411 1330 riter
442 1257 619 1329 habendus
650 1257 853 1353 prodromus
887 1257 1045 1348 videtur,
1079 1260 1141 1353 qui
1170 1259 1303 1353 aliquot
1406 1291 1407 1332 3

329 1393 406 1476 post
431 1382 546 1475 ipsum
575 1379 739 1469 saeeuhs,
768 1379 974 1450 verissimam
999 1378 1195 1451 hominihus
1221 1381 1246 1449 i.
1271 1403 1302 1452 e.
1405 1437 1406 1440 ,

249 1535 252 1544 ·
329 1505 554 1576 Christianam
575 1502 788 1575 tradiderunt
808 1503 1016 1597 religionem.
1057 1503 1143 1574 Nam
1162 1502 1229 1574 luit
1244 1501 1304 1574 ille
1404 1517 1405 1526 ’

328 1650 446 1722 reapse
477 1651 556 1698 eum
583 1627 754 1721 religionis
784 1650 910 1717 novae,
943 1639 1018 1698 tum
1043 1649 1149 1699 novae
1172 1625 1218 1696 ad
1244 1628 1302 1696 in·

329 1747 537 1822 stituendam
556 1753 773 1844 juventutem
798 1748 1054 1846 philosophiae,
1076 1773 1181 1845 quam
1206 1749 1304 1822 Plato

198 1895 201 1902 ·
329 1885 407 1970 post
439 1895 518 1944 eum
540 1873 702 1969 explicuit
724 1886 759 1944 et
780 1873 957 1964 fundavit,
984 1885 1077 1944 vates
1097 1897 1137 1944 ao
1158 1873 1302 1962 vindex,

329 1995 490 2091 idemque
525 1995 569 2066 ad
606 2008 787 2091 utramque
818 1994 1045 2068 induoendam
1077 1994 1185 2064 veluti
1214 1995 1303 2065 riam
1405 2077 1406 2110 ,

328 2121 459 2190 stravit.
509 2119 600 2190 Fecit
629 2129 744 2188 autem
775 2117 863 2188 illud
891 2141 960 2188 non
979 2115 1213 2212 repudiando,
1243 2119 1304 2212 qui

329 2241 463 2330 aderat,
490 2240 639 2311 Deorum
673 2239 788 2310 eultu:
820 2241 912 2334 ipse,
946 2239 1170 2334 Xenophonte
1195 2251 1303 2328 teste,
1406 2223 1407 2266 ³

330 2363 456 2458 pariter
487 2385 526 2432 ae
546 2363 668 2432 caeteri
690 2361 842 2432 homines
868 2359 992 2450 Attici,
1020 2363 1122 2432 saeris
1144 2341 1304 2432 intererat

330 2484 500 2556 omnihus.
538 2483 607 2556 Nee
630 2507 710 2554 vero
732 2485 828 2556 novis
849 2482 995 2554 serendis
1020 2483 1155 2578 legibus
1177 2508 1306 2556 novare

331 2605 537 2679 instituenda
564 2605 773 2702 reipublicae
804 2605 935 2676 forma:
971 2609 1100 2700 quanta
1127 2606 1230 2677 fuerit
1252 2607 1304 2677 le·

332 2747 433 2824 gum,
466 2751 554 2823 quae
585 2741 775 2817 exstarent,
808 2731 1015 2820 reverentia,
1055 2745 1158 2826 atque
1186 2730 1305 2802 ohser-

331 2851 474 2941 vantia,
500 2851 648 2920 Platonis
690 2848 794 2922 Crito
830 2851 976 2946 prohat3
1014 2854 1076 2924 sed
1111 2855 1209 2943 feeit,
1243 2854 1305 2925 illa

332 2997 412 3048 oum
448 2971 624 3064 docenda,
660 2984 737 3044 turn
773 2974 901 3046 tuenda
938 2974 1181 3073 philosophia,
1219 3001 1307 3071 quae

334 3097 470 3168 Graecis
501 3098 652 3191 itemque
678 3081 842 3168 ‘Romanis
866 3098 1026 3194 deinceps
1051 3101 1157 3170 instar
1181 3097 1249 3172 luit
1273 3113 1307 3171 et

333 3217 503 3311 religionis
538 3217 685 3290 melioris
715 3231 749 3288 et
780 3221 928 3314 optimae
952 3221 996 3290 ad
1020 3221 1220 3294 excolendos
1245 3223 1309 3293 ho-
1409 3281 1410 3284 ,

334 3341 441 3410 mines
476 3339 686 3435 disciplinae.
743 3338 871 3432 Ahest,
905 3342 1033 3434 fateor,
1065 3343 1237 3436 multum,
1270 3358 1309 3416 ut

335 3463 384 3533 sie
419 3463 582 3533 meruisse
620 3461 771 3535 Socrates
807 3464 851 3534 de
895 3464 1044 3537 humano
1084 3490 1207 3560 genere
1241 3468 1308 3541 diei

335 3586 461 3680 possit,
498 3597 538 3656 ut
568 3600 764 3658 meruerunt
800 3599 878 3682 post
913 3611 993 3658 eum
1026 3590 1218 3662 verissimae
1250 3615 1309 3662 re-

334 3706 469 3800 ligionis
513 3710 628 3780 nuncii
659 3735 699 3782 ae
733 3723 991 3811 propagatores:
1021 3713 1153 3787 civibus
1186 3739 1312 3788 oonsu-

336 3831 430 3903 lebat
464 3832 553 3923 suis,
587 3858 656 3906 non
680 3836 863 3906 extraneis:
890 3837 1067 3930 ingenuis,
1091 3861 1161 3910 non
1183 3825 1310 3910 servis:

336 3953 490 4045 Graecis,
524 3979 590 4028 non
622 3957 794 4030 barbaris:
824 3983 886 4032 nec
911 3960 975 4031 nisi
1000 3957 1202 4034 cultioribus
1227 3963 1310 4032 viris
