2828 5098
735 511 784 525 ....
810 469 954 542 1226...

361 691 450 770 quae
472 671 565 767 apud
587 693 649 742 nes
671 671 830 742 deorsum
852 677 1019 764 spectant,
1041 689 1176 738 sursum
1200 667 1330 764 erigar·

362 810 438 886 tur,
466 819 506 866 ac
536 815 632 863 mens
656 804 771 864 nostra
791 791 836 862 ad
855 813 974 862 verum
995 790 1203 862 cernendum
1223 817 1329 864 acua-

354 907 429 990 tur.
455 925 524 992 Τοῦ
546 916 614 1015 γὶιρ
638 913 691 992 tet
711 917 800 996 ὄντος
821 915 840 1006 ἡ
861 914 1061 1014 γεωμετρικὴ
1077 915 1194 1012 γνῶσίς
1206 911 1282 1014 ἒςι(
1305 917 1327 1014 ).

363 1068 386 1116 ))
396 1041 505 1132 Illud,
537 1043 602 1131 ait,
633 1063 703 1112 non
733 1041 780 1112 ita
814 1039 967 1130 vilcost,
997 1035 1058 1110 sed
1079 1037 1123 1108 ad
1143 1038 1328 1134 percipicn

359 1163 445 1236 dum
478 1162 755 1258 credendumque
786 1159 946 1252 difficile,
978 1159 1119 1254 singulis
1140 1160 1327 1257 disciplinis

359 1287 453 1360 hisce
481 1309 644 1381 organum
667 1287 790 1357 mentis
813 1285 988 1382 quoddam
1010 1283 1148 1380 purg-ari
1171 1286 1326 1356 excitari·

359 1433 428 1506 que
459 1422 494 1480 et
526 1410 742 1499 reviviscere,
777 1409 871 1504 qued
899 1409 974 1478 aliis
998 1405 1068 1478 fere
1095 1406 1217 1478 studiis
1240 1409 1325 1504 perit
1398 1391 1401 1453 ἶ

358 1545 462 1627 atque
493 1543 707 1621 occaecatum
732 1553 811 1603 cum
844 1531 881 1602 id
901 1532 1026 1602 servari
1058 1531 1223 1602 sexcentis
1250 1555 1324 1602 ocu·

1397 1495 1401 1590 l

359 1655 400 1725 lis
442 1667 611 1750 praestet:
658 1655 731 1726 solo
778 1653 869 1726 enim
902 1652 1006 1728 hocce
1048 1659 1188 1727 caritas
1219 1656 1325 1726 cerni·

359 1787 416 1846 u·
439 1775 540 1874 er

405 1899 456 1972 Ita
478 1899 574 1972 Plato
595 1897 640 1971 de
663 1897 716 1970 his
739 1896 929 1996 disciplinis
952 1899 1012 1971 ille
1032 1900 1068 1970 in
1097 1921 1201 1996 opere
1228 1899 1325 1995 judi·
1398 1933 1399 1974 3

355 2037 429 2114 cat,
463 2023 557 2120 quod
587 2023 632 2093 de
654 2025 781 2118 optima
801 2025 938 2094 civitate
958 2023 1105 2120 scripsit.
1155 2023 1240 2093 Nam
1263 2045 1325 2092 ne-

1396 2049 1399 2126 l

356 2148 515 2218 cessarias
549 2168 605 2216 eas
637 2143 817 2236 censebat,
849 2170 995 2240 quarunt
1026 2145 1141 2217 studio
1166 2171 1186 2216 a
1213 2156 1325 2216 tenera
1398 2213 1399 2218 ,

356 2267 437 2338 inde
459 2277 569 2336 aetate
591 2266 730 2338 illorum
750 2281 988 2340 exercerentur
999 2267 1146 2363 ingenia,
1164 2269 1228 2364 qui
1236 2291 1325 2364 prae·

356 2390 463 2460 futuri
484 2388 667 2486 aliqnando
688 2390 738 2461 rei
762 2390 921 2486 publicae
941 2405 1065 2464 essent.
1100 2390 1228 2472 Eodem
1244 2417 1323 2488 pro-

353 2515 467 2608 posito
499 2513 535 2582 in
558 2513 678 2584 eodem
701 2537 802 2608 opere
824 2515 868 2585 de
891 2517 977 2586 nord
1001 2515 1038 2584 in
1057 2513 1176 2609 primis
1196 2513 1325 2586 dialec-

356 2636 443 2707 ticae
465 2635 660 2706 tractandae
683 2635 938 2732 tradendaeque
960 2639 1089 2709 ratione
1109 2639 1188 2732 agit.
1238 2636 1325 2706 ludi·

352 2769 488 2827 eaverat
509 2779 584 2826 eam
606 2757 642 2826 in
664 2756 859 2832 Plaeaedros
884 2761 920 2842 in
943 2761 1116 2856 Sophiste
1139 2773 1173 2830 ct
1194 2759 1326 2832 Patin-

353 2903 412 2969 ου,
449 2878 673 2950 Eleaticorum
707 2879 862 2952 adhibita
901 2879 1076 2982 ἀκριβείᾳ,
1118 2883 1324 2980 explicuerat

283 3039 286 3045 —
352 2999 462 3072 fusius
496 3000 727 3096 exemplisque
760 3003 1006 3092 illustraverat3
1041 3029 1134 3076 nunc
1163 3029 1269 3096 vero,
1292 3008 1323 3075 in

351 3113 496 3194 Politia
516 3123 714 3215 scribenda,
746 3123 932 3198 adhibebat
953 3127 1097 3198 eandam
1119 3131 1264 3200 summis
1281 3129 1322 3200 ci·

352 3244 497 3316 vitatum
518 3246 716 3318 commodis.
766 3248 926 3320 Plisticae
954 3251 1048 3346 apud
1069 3273 1131 3322 nes
1163 3251 1320 3340 student,

352 3366 419 3456 ait,
445 3367 696 3460 adolescentes,
721 3395 790 3442 non
812 3371 1020 3444 dialecticae.
1054 3373 1258 3446 Catulorum
1276 3377 1321 3444 in-

348 3500 440 3578 star,
473 3489 671 3586 disputandi
703 3491 884 3587 flagrantes
917 3495 1098 3590 cupidine,
1123 3498 1160 3566 in
1182 3496 1322 3593 quodvis

1397 3559 1400 3624 l

349 3625 589 3703 argumentum
622 3615 793 3707 involant,
829 3617 951 3713 idque,
984 3621 1056 3692 sive
1083 3644 1225 3712 verum,
1255 3622 1324 3691 sire
1398 3709 1399 3712 Ἴ

349 3733 498 3824 falsum,
517 3735 720 3826 dilaceratum
739 3739 833 3812 haud
854 3745 1030 3834 paroentes
1053 3745 1133 3814 viris
1154 3745 1253 3835 adeo,
1265 3745 1322 3838 qui

387 4007 425 4077 ρ)
443 4009 484 4060 m
502 4011 569 4075 rap.
580 4009 635 4060 vu.
651 4007 713 4058 aar.
731 4011 757 4060 n
827 4012 866 4081 u)
882 4011 938 4064 nr.
956 4015 1017 4066 aaa.
1036 4015 1062 4066 n.
1080 4017 1106 4066 u.
