2828 5098
478 495 695 568 -141-

99 689 247 781 Phaed0,
266 693 502 788 Symposium3
524 697 650 790 quibus
672 697 722 768 nil
745 701 1070 794 unquamseriptum
1130 681 1151 720 χ

97 826 151 884 est
174 815 376 908 elegantius,
401 817 591 909 sublimius,
614 819 664 890 nil
685 819 780 910 item,
801 819 894 914 quod
912 823 1016 914 magis
1027 821 1071 892 ad

98 939 335 1010 resxhumanas
356 941 600 1035 provehendas,
622 942 667 1013 ad
687 945 800 1038 ipsum
816 942 1072 1038 provehendum
1224 963 1225 970 ’

98 1051 336 1167 philosophiae
358 1063 462 1136 decus
484 1066 603 1136 valuit.
635 1067 736 1155 Quod
758 1067 831 1162 ipse
851 1065 888 1134 in
901 1065 1075 1160 Sopbiam
1111 1055 1114 1064 ’

95 1187 249 1280 scripsit,
273 1187 309 1255 id
320 1189 464 1257 maxime
483 1189 572 1258 inter
589 1189 776 1284 sophistam
787 1201 822 1258 et
833 1187 1074 1283 philosophum

96 1307 303 1379 discriminis
331 1309 563 1401 intercedere,
600 1323 640 1382 ut
664 1311 723 1382 ille
743 1311 846 1381 rebus
871 1310 1073 1403 gravissimis

96 1429 268 1521 tenebras,
284 1480 286 1494 ·
301 1430 358 1502 hie
388 1432 502 1503 luc'em
520 1421 701 1524 'affundat‚
723 1433 822 1504 illud
853 1429 1013 1527 equidem
1038 1432 1074 1500 in

97 1552 174 1646 ipsa
201 1531 279 1622 riri·
295 1555 420 1650 scripta
449 1555 683 1628 adhibendum
707 1556 863 1628 arbitror.
913 1554 997 1626 Nam
1018 1553 1072 1624 la·

98 1678 234 1746 teamur
263 1671 414 1750 necesse*
453 1691 523 1769 est,
559 1679 596 1750 in
634 1677 784 1750 obscuris
819 1677 961 1772 dialogis
1004 1677 1071 1748 illis

97 1797 274 1870 Platonem
306 1799 493 1895 sophistam
520 1801 650 1895 magis,
687 1777 790 1895 uuam
830 1798 1072 1895 philosophum

98 1909 219 2014 egisse.
292 1941 301 1954 ‘
476 2007 479 2022 ‚

146 2043 276 2132 Quodsi
300 2043 426 2117 frustra
449 2047 546 2118 Plato
568 2048 605 2116 in
628 2045 950 2154 Porrnmidaipsas
964 2035 1074 2114 decla·

96 2189 174 2236 rare
201 2165 293 2238 ideas
318 2170 456 2241 annisus
486 2182 550 2261 est,
580 2169 678 2240 abest
699 2179 814 2238 tamen
835 2166 998 2256 multum,
1022 2178 1074 2257 ut,

96 2313 187 2384 quae
206 2291 433 2386 plurimorum
450 2292 521 2364 lere
543 2293 712 2364 sententia
734 2291 813 2381 suit,
837 2283 958 2386 ipsam,
970 2313 1073 2386 quam

93 2403 267 2500 condidit,
293 2412 448 2484 idearum
463 2414 650 2484 doctrinam
671 2421 774 2507 'supra
794 2414 920 2506 ingenii
934 2411 1074 2510 humani

94 2532 279 2605 facultates
297 2545 458 2628 putemus
484 2557 568 2606 esse.
617 2535 708 2605 Nova
730 2533 814 2603 haec
834 2531 913 2622 brit,
934 2545 973 2602 ut
988 2533 1073 2604 dixi·

96 2681 190 2746 mus,
210 2657 246 2725 in
265 2633 499 2754 philosophiae
518 2657 677 2744 historia,
699 2667 933 2742 veruntamen,
955 2654 983 2724 si
1001 2655 1072 2724 ori-

97 2783 212 2873 ginem
238 2793 383 2875 spectas,
404 2774 508 2852 'ducta
525 2783 597 2851 era't
616 2780 831 2852 eSocraticae
839 2775 1072 2873 philosophiae

99 2899 207 2990 sonte,
229 2901 265 2968 in
282 2925 351 2995 qua
369 2901 486 2996 quaeri
507 2901 551 2971 de
572 2901 713 2996 pulcro,
734 2899 781 2970 de
796 2898 900 2986 bono,
912 2896 956 2966 de
962 2901 1070 2992 justo,

98 3021 144 3092 de
160 3021 276 3092 divino
294 3023 443 3094 solebat:
468 3023 563 3094 Plato
583 3036 698 3094 antem
718 3046 759 3092 ex
771 3021 996 3093 Eleaticorum
1004 3017 1071 3090 dis·

99 3145 341 3240 quisitionibus
360 3145 405 3216 de
423 3169 475 3236 eo,
496 3143 589 3240 (suad
609 3155 679 3234 est,
699 3143 892 3239 proficiens,
910 3159 1070 3234 quaerere

98 3269 248 3338 instituit
274 3257 329 3339 de¹
345 3274 425 3363 ipso
443 3280 478 3339 et
504 3267 625 3363 pulcro
647 3277 681 3335 et
709 3265 800 3336 bono
815 3275 850 3334 et
863 3267 958 3358 justo
969 3273 1004 3332 et
1014 3261 1068 3332 di-

97 3393 196 3481 vino,
216 3417 320 3488 quam
340 3393 513 3476 doctrinae
536 3391 699 3484 originem
717 3391 843 3484 scripta
857 3385 1004 3490 Platonis
1015 3406 1068 3454 re·

97 3511 226 3583 ferunt.
275 3515 374 3590 Initia
396 3517 469 3608 ejus
497 3513 533 3584 in
555 3513 728 3583 Phaedro
744 3516 815 3606 jam
836 3519 987 3589 exstant,
1009 3506 1069 3578 ubi

31 3637 33 3644 '
98 3636 251 3708 Socrates
272 3639 403 3732 politica
425 3648 459 3707 et
481 3635 699 3707 Parmenidea
714 3634 818 3729 plane
825 3638 954 3704 ratione
964 3629 1007 3700 de
1018 3628 1069 3700 lo-

99 3783 138 3830 eo
166 3759 390 3858 irrepovpraip,
408 3750 560 3830 idearum
583 3758 675 3848 sede,
694 3757 795 3828 canit.
820 3755 979 3828 Nondum
999 3761 1071 3822 erat

100 3881 158 3953 illa
178 3895 288 3954 aetate
306 3895 424 3954 auctor
443 3881 487 3952 ad
500 3893 591 3952 recte
608 3881 692 3952 haec
709 3869 908 3976 explicanda
919 3887 1020 3971 aptus
1031 3896 1070 3942 ac

100 4006 380 4091 maturusaorlv
390 4005 445 4095 rio
454 4001 664 4096 δικαιοσύνην,
672 4005 776 4090 αὐτὴν
785 4001 841 4094 τὴν
850 3991 1071 4094 cooporv‘vla
