2824 5084
729 453 937 526 ..220-

347 643 594 728 Aristotelicum
617 677 684 726 non
706 679 826 752 posse:
849 656 937 726 hanc
964 664 1101 744 ¹autem,
1126 655 1319 726 1111111111-

252 805 255 812 ’
345 805 406 851 nas
430 792 466 849 et
490 778 646 875 physicas
670 790 705 847 61
729 791 877 849 caeteras
900 801 1016 849 omnes
1037 790 1130 848 recte
1160 778 1320 850 adhibeat
1396 771 1397 864 1

344 903 549 1000 gravissimis
573 899 793 980 humanitatis
815 885 953 990 caussis,
978 899 1070 972 illius
1094 887 1247 994 indigere
1256 926 1316 972 nc·
1396 903 1397 946 ³

345 1026 490 1098 cessario
510 1023 704 1106 efficacibus
723 1023 768 1094 ad
778 1025 969 1114 veritatem,
987 1022 1031 1094 ad
1043 1025 1247 1119 sapientiam
1256 1027 1317 1096 sin·

347 1172 527 1244 ceramque
549 1148 748 1242 religionem
770 1148 1009 1218 incitamentis.
1041 1147 1116 1235 Quo
1137 1149 1245 1241 magis
1257 1147 1319 1220 hoc
1393 1109 1397 1212 l

345 1275 444 1346 uobis
475 1273 668 1368 agendum,
700 1285 740 1342 ut
761 1249 831 1344 n'on
851 1269 987 1362 solum,
1010 1271 1104 1366 quod
1124 1285 1249 1367 sponte
1271 1273 1317 1344 la-

344 1400 475 1488 cimus,
506 1397 551 1468 ad
562 1395 766 1467 *Aristotelis
784 1391 980 1491 exemplum
990 1393 992 1400 ’
1003 1395 1174 1467 doctrinas
1191 1397 1318 1492 'prove-

343 1522 487 1610 hamus,
512 1520 572 1590 sed
594 1521 709 1612 etiam,
732 1520 827 1616 quod
849 1521 1021 1614 negligere
1037 1520 1316 1610 nimissolemus,

342 1629 491 1714 Platonis
513 1637 789 1739 philosophiam,
811 1655 851 1713 ut
871 1666 974 1712 unam
997 1643 1141 1718 maxime
1156 1631 1314 1715 11161111

342 1778 377 1837 61
397 1766 580 1838 salutarem
601 1759 700 1857 nohis
720 1761 983 1862 philosophiam,
996 1788 1075 1838 cum
1084 1764 1316 1838 colamusstu·

342 1877 460 1982 diosc,
483 1903 559 1962 tum
581 1881 804 1961 vindicemus.

390 2012 447 2084 ,ld
478 2003 592 2084 finem¹
605 2003 805 2108 perductam
832 2007 914 2084 essc'
927 2013 1048 2104 rideo,
1071 2007 1182 2108 quarn
1203 2035 1313 2085 susce·

337 2121 469 2228 pimus,
497 2136 542 2203 de
559 2135 731 2205 Platonica
751 2133 1081 2228 atqueAristotelica
1101 2131 1312 2233 philosophia

342 2243 628 2349 disquisitionem.
658 2253 748 2326 lllud
767 2255 861 2328 hisoe
881 2251 1040 2331 omnihus
1057 2255 1101 2329 'in
1116 2280 1222 2354 nsum
1242 2259 1313 2332 n'os·

340 2367 436 2448 trum
467 2371 913 2473 subjungendumhansao,
936 2377 1040 2452 ¹haucl
1061 2393 1193 2452 temere
1216 2404 1313 2486 nosa

342 2489 465 2572 medio
479 2493 559 2574 inde
580 2523 662 2574 aero
683 2501 934 2599 philosophiam
956 2505 992 2573 in
1014 2501 1085 2576 duo
1102 2506 1314 2599 3111111111-
1394 2538 1398 2606 1

342 2615 524 2716 tribuisse,
545 2626 581 2695 in
600 2627 871 2722 philosophiam
893 2629 1124 2700 theoreticam
1142 2641 1178 2699 ct
1188 2631 1317 2724 philo·

342 2751 506 2842 sophiam
530 2751 750 2820 naturalem:
774 2749 892 2820 abesse
911 2773 991 2822 vero
1001 2744 1166 2836 multum,
1179 2762 1219 2820 ut
1229 2751 1316 2846 quid

341 2869 488 2964 utruque
509 2863 769 2964 intelligendum
793 2871 849 2962 sit,
869 2873 1094 2970 perspiciatur
1107 2873 1221 2967 ¹vulgo.
1247 2873 1316 2944 Nec
1393 2879 1397 2954 ἶ

229 3046 235 3065 ,
340 3015 421 3064 sene
454 2993 590 3064 mirum.
640 2994 723 3064 Nam
750 2995 964 3066 theoreticae
988 2995 1225 3092 philosophiae
1248 3021 1315 3068 non
1396 2971 1397 3013 l

339 3119 544 3206 maturatis,
570 3115 630 3186 sed
648 3111 821 3211 practica
844 3117 1314 3214 respondetmataratisau·

339 3251 410 3308 tem
440 3237 656 3334 philosophie
689 3239 890 3311 nonhabet
917 3241 973 3312 cui
993 3241 1222 3338 respondeat,
1251 3244 1314 3314 nisi

337 3363 584 3456 artificialem.
609 3338 708 3432 Unde
720 3375 815 3460 patet
826 3364 919 3456 satis,
929 3363 1000 3437 duo
1011 3367 1070 3436 illa
1079 3367 1314 3463 philosophiae

219 3515 221 3522 v
340 3505 478 3576 genera,
504 3485 656 3578 quemvis
685 3497 777 3556 recte
800 3485 968 3578 discreta,
991 3489 1122 3586 quippe
1143 3490 1259 3580 ambo,
1276 3501 1314 3560 ut

339 3599 505 3696 vidimus,
528 3597 572 3676 ad
588 3601 760 3678 diversum
777 3607 885 3678 veluti
903 3610 1072 3680 mundum
1094 3613 1313 3706 pertinentia,
1401 3627 1402 3630 ’

338 3749 408 3798 non
442 3727 531 3824 aptis
567 3707 761 3800 nominihus
786 3729 979 3823 significari.
1023 3732 1148 3827 ltaque
1167 3735 1224 3804 alii
1246 3733 1315 3804 alia

338 3851 475 3922 nomina
487 3843 490 3850 ’
502 3852 634 3922 usitatis
655 3853 925 3924 substituerunt:
946 3867 987 3926 ut
1003 3853 1195 3928 theoretica
1214 3881 1315 3929 voca-

338 3968 434 4044 retur
466 3974 537 4045 sive
555 3977 817 4072 ι1111111111111,
851 3977 922 4048 sire
954 3975 1287 4052 aanscmdeatatis
1301 4009 1314 4054 .·
