<?xml version="1.0" encoding="UTF-8"?>
<!DOCTYPE html PUBLIC "-//W3C//DTD XHTML 1.0 Transitional//EN"
    "http://www.w3.org/TR/xhtml1/DTD/xhtml1-transitional.dtd">
<html xmlns="http://www.w3.org/1999/xhtml" xml:lang="en" lang="en">
 <head>
  <title>
</title>
<meta http-equiv="Content-Type" content="text/html;charset=utf-8" />
  <meta name='ocr-system' content='tesseract 3.04.00' />
  <meta name='ocr-capabilities' content='ocr_page ocr_carea ocr_par ocr_line ocrx_word'/>
</head>
<body>
  <div class='ocr_page' id='page_1' title='image "./characterismipr00heusgoog_0135.png"; bbox 0 0 2828 5098; ppageno 0'>
   <div class='ocr_carea' id='block_1_1' title="bbox 714 449 934 520">
    <p class='ocr_par' dir='ltr' id='par_1_1' title="bbox 714 449 934 520">
     <span class='ocr_line' id='line_1_1' title="bbox 714 449 934 520; baseline 0 0"><span class='ocrx_word' id='word_1_1' title='bbox 714 449 934 520; x_wconf 53' lang='lat' dir='ltr'><strong>---l22--m</strong></span> 
     </span>
    </p>
   </div>
   <div class='ocr_carea' id='block_1_2' title="bbox 232 647 1403 4080">
    <p class='ocr_par' dir='ltr' id='par_1_2' title="bbox 332 647 1313 989">
     <span class='ocr_line' id='line_1_2' title="bbox 339 647 1313 744; baseline 0.002 -22"><span class='ocrx_word' id='word_1_2' title='bbox 339 647 408 722; x_wconf 82' lang='lat' dir='ltr'><strong>vita</strong></span> <span class='ocrx_word' id='word_1_3' title='bbox 428 650 530 720; x_wconf 85' lang='lat' dir='ltr'><strong>etiam</strong></span> <span class='ocrx_word' id='word_1_4' title='bbox 550 660 585 718; x_wconf 88' lang='lat' dir='ltr'><strong>et</strong></span> <span class='ocrx_word' id='word_1_5' title='bbox 607 648 758 720; x_wconf 89' lang='lat' dir='ltr'><strong>moribus</strong></span> <span class='ocrx_word' id='word_1_6' title='bbox 778 649 950 744; x_wconf 83' lang='lat' dir='ltr'><strong>rebusque</strong></span> <span class='ocrx_word' id='word_1_7' title='bbox 974 649 1077 742; x_wconf 80' lang='lat' dir='ltr'><strong>gestis</strong></span> <span class='ocrx_word' id='word_1_8' title='bbox 1098 650 1313 724; x_wconf 82' lang='lat' dir='ltr'><strong>Socratiemn</strong></span> 
     </span>
     <span class='ocr_line' id='line_1_3' title="bbox 338 769 1310 867; baseline 0 -21"><span class='ocrx_word' id='word_1_9' title='bbox 338 773 441 846; x_wconf 84' lang='lat' dir='ltr'><strong>fuisse</strong></span> <span class='ocrx_word' id='word_1_10' title='bbox 468 769 721 867; x_wconf 91' lang='lat' dir='ltr'><strong>philosophum.</strong></span> <span class='ocrx_word' id='word_1_11' title='bbox 772 770 813 842; x_wconf 88' lang='lat' dir='ltr'><strong>Et</strong></span> <span class='ocrx_word' id='word_1_12' title='bbox 849 770 934 844; x_wconf 90' lang='lat' dir='ltr'><strong>haee</strong></span> <span class='ocrx_word' id='word_1_13' title='bbox 966 771 1106 866; x_wconf 88' lang='lat' dir='ltr'><strong>quidem</strong></span> <span class='ocrx_word' id='word_1_14' title='bbox 1138 773 1310 846; x_wconf 86' lang='lat' dir='ltr'><strong>sufficient</strong></span> 
     </span>
     <span class='ocr_line' id='line_1_4' title="bbox 332 885 1309 989; baseline 0.002 -23"><span class='ocrx_word' id='word_1_15' title='bbox 332 885 452 984; x_wconf 80' lang='lat' dir='ltr'><strong>hobis,</strong></span> <span class='ocrx_word' id='word_1_16' title='bbox 480 917 524 964; x_wconf 93' lang='lat' dir='ltr'><strong>ne</strong></span> <span class='ocrx_word' id='word_1_17' title='bbox 545 893 682 966; x_wconf 87' lang='lat' dir='ltr'><strong>illorum</strong></span> <span class='ocrx_word' id='word_1_18' title='bbox 704 915 900 967; x_wconf 80' lang='lat' dir='ltr'><strong>moveamur</strong></span> <span class='ocrx_word' id='word_1_19' title='bbox 919 893 1033 983; x_wconf 88' lang='lat' dir='ltr'><strong>dietis,</strong></span> <span class='ocrx_word' id='word_1_20' title='bbox 1054 895 1117 989; x_wconf 92' lang='lat' dir='ltr'><strong>qui</strong></span> <span class='ocrx_word' id='word_1_21' title='bbox 1138 917 1221 966; x_wconf 90' lang='lat' dir='ltr'><strong>eum</strong></span> <span class='ocrx_word' id='word_1_22' title='bbox 1239 920 1309 968; x_wconf 92' lang='lat' dir='ltr'><strong>mo-</strong></span> 
     </span>
    </p>

    <p class='ocr_par' dir='ltr' id='par_1_3' title="bbox 334 1016 1403 1851">
     <span class='ocr_line' id='line_1_5' title="bbox 336 1016 1308 1116; baseline 0.002 -28"><span class='ocrx_word' id='word_1_23' title='bbox 336 1017 382 1090; x_wconf 91' lang='lat' dir='ltr'><strong>do</strong></span> <span class='ocrx_word' id='word_1_24' title='bbox 405 1016 549 1088; x_wconf 87' lang='lat' dir='ltr'><strong>Socratis</strong></span> <span class='ocrx_word' id='word_1_25' title='bbox 572 1019 690 1108; x_wconf 88' lang='lat' dir='ltr'><strong>unice,</strong></span> <span class='ocrx_word' id='word_1_26' title='bbox 715 1016 818 1088; x_wconf 89' lang='lat' dir='ltr'><strong>modo</strong></span> <span class='ocrx_word' id='word_1_27' title='bbox 839 1017 1087 1108; x_wconf 80' lang='lat' dir='ltr'><strong>Eleaticorum,</strong></span> <span class='ocrx_word' id='word_1_28' title='bbox 1112 1017 1214 1090; x_wconf 89' lang='lat' dir='ltr'><strong>modo</strong></span> <span class='ocrx_word' id='word_1_29' title='bbox 1236 1019 1308 1116; x_wconf 91' lang='lat' dir='ltr'><strong>Py-</strong></span> 
     </span>
     <span class='ocr_line' id='line_1_6' title="bbox 336 1140 1308 1238; baseline 0.004 -26"><span class='ocrx_word' id='word_1_30' title='bbox 336 1141 576 1234; x_wconf 81' lang='lat' dir='ltr'><strong>thagoreorum</strong></span> <span class='ocrx_word' id='word_1_31' title='bbox 595 1141 720 1238; x_wconf 87' lang='lat' dir='ltr'><strong>placita</strong></span> <span class='ocrx_word' id='word_1_32' title='bbox 738 1140 900 1236; x_wconf 80' lang='lat' dir='ltr'><strong>probasse</strong></span> <span class='ocrx_word' id='word_1_33' title='bbox 921 1140 1047 1212; x_wconf 87' lang='lat' dir='ltr'><strong>ferunt.</strong></span> <span class='ocrx_word' id='word_1_34' title='bbox 1097 1143 1153 1214; x_wconf 91' lang='lat' dir='ltr'><strong>Sic</strong></span> <span class='ocrx_word' id='word_1_35' title='bbox 1172 1143 1232 1214; x_wconf 90' lang='lat' dir='ltr'><strong>ille</strong></span> <span class='ocrx_word' id='word_1_36' title='bbox 1253 1145 1308 1216; x_wconf 86' lang='lat' dir='ltr'><strong>So</strong></span> 
     </span>
     <span class='ocr_line' id='line_1_7' title="bbox 335 1263 1403 1377; baseline 0.002 -41"><span class='ocrx_word' id='word_1_37' title='bbox 335 1265 479 1336; x_wconf 87' lang='lat' dir='ltr'><strong>orations</strong></span> <span class='ocrx_word' id='word_1_38' title='bbox 501 1263 579 1353; x_wconf 84' lang='lat' dir='ltr'><strong>suit,</strong></span> <span class='ocrx_word' id='word_1_39' title='bbox 604 1277 644 1335; x_wconf 86' lang='lat' dir='ltr'><strong>nt</strong></span> <span class='ocrx_word' id='word_1_40' title='bbox 666 1277 780 1336; x_wconf 86' lang='lat' dir='ltr'><strong>tamen</strong></span> <span class='ocrx_word' id='word_1_41' title='bbox 803 1289 872 1336; x_wconf 89' lang='lat' dir='ltr'><strong>non</strong></span> <span class='ocrx_word' id='word_1_42' title='bbox 894 1264 1039 1336; x_wconf 87' lang='lat' dir='ltr'><strong>aliorum</strong></span> <span class='ocrx_word' id='word_1_43' title='bbox 1061 1267 1218 1361; x_wconf 75' lang='lat' dir='ltr'><strong>reJicerct</strong></span> <span class='ocrx_word' id='word_1_44' title='bbox 1235 1267 1309 1362; x_wconf 89' lang='lat' dir='ltr'><strong>phi·</strong></span> <span class='ocrx_word' id='word_1_45' title='bbox 1400 1317 1403 1377; x_wconf 44' lang='grc' dir='ltr'>Ι</span> 
     </span>
     <span class='ocr_line' id='line_1_8' title="bbox 335 1387 1307 1484; baseline 0.005 -26"><span class='ocrx_word' id='word_1_46' title='bbox 335 1387 543 1484; x_wconf 90' lang='lat' dir='ltr'><strong>losophiam:</strong></span> <span class='ocrx_word' id='word_1_47' title='bbox 566 1387 691 1460; x_wconf 90' lang='lat' dir='ltr'><strong>horum</strong></span> <span class='ocrx_word' id='word_1_48' title='bbox 713 1411 793 1459; x_wconf 85' lang='lat' dir='ltr'><strong>vero</strong></span> <span class='ocrx_word' id='word_1_49' title='bbox 814 1389 931 1460; x_wconf 89' lang='lat' dir='ltr'><strong>lmnen</strong></span> <span class='ocrx_word' id='word_1_50' title='bbox 952 1402 987 1460; x_wconf 90' lang='lat' dir='ltr'><strong>et</strong></span> <span class='ocrx_word' id='word_1_51' title='bbox 1010 1389 1225 1483; x_wconf 77' lang='lat' dir='ltr'><strong>diligentiam</strong></span> <span class='ocrx_word' id='word_1_52' title='bbox 1248 1393 1307 1462; x_wconf 87' lang='lat' dir='ltr'><strong>So·</strong></span> 
     </span>
     <span class='ocr_line' id='line_1_9' title="bbox 334 1509 1308 1608; baseline 0.005 -24"><span class='ocrx_word' id='word_1_53' title='bbox 334 1512 478 1584; x_wconf 86' lang='lat' dir='ltr'><strong>craticae</strong></span> <span class='ocrx_word' id='word_1_54' title='bbox 499 1509 734 1608; x_wconf 84' lang='lat' dir='ltr'><strong>philosophiae</strong></span> <span class='ocrx_word' id='word_1_55' title='bbox 757 1511 946 1582; x_wconf 87' lang='lat' dir='ltr'><strong>adhiberet.</strong></span> <span class='ocrx_word' id='word_1_56' title='bbox 984 1509 1040 1582; x_wconf 80' lang='lat' dir='ltr'><strong>Ad</strong></span> <span class='ocrx_word' id='word_1_57' title='bbox 1062 1513 1205 1586; x_wconf 85' lang='lat' dir='ltr'><strong>alteram</strong></span> <span class='ocrx_word' id='word_1_58' title='bbox 1215 1538 1308 1589; x_wconf 88' lang='lat' dir='ltr'><strong>nune</strong></span> 
     </span>
     <span class='ocr_line' id='line_1_10' title="bbox 334 1633 1309 1729; baseline 0.004 -25"><span class='ocrx_word' id='word_1_59' title='bbox 334 1633 534 1710; x_wconf 85' lang='lat' dir='ltr'><strong>accedamus</strong></span> <span class='ocrx_word' id='word_1_60' title='bbox 557 1635 808 1729; x_wconf 85' lang='lat' dir='ltr'><strong>quaestionem,</strong></span> <span class='ocrx_word' id='word_1_61' title='bbox 838 1634 1064 1706; x_wconf 90' lang='lat' dir='ltr'><strong>difficiliorem</strong></span> <span class='ocrx_word' id='word_1_62' title='bbox 1087 1636 1183 1708; x_wconf 90' lang='lat' dir='ltr'><strong>illam</strong></span> <span class='ocrx_word' id='word_1_63' title='bbox 1206 1661 1309 1728; x_wconf 90' lang='lat' dir='ltr'><strong>sane,</strong></span> 
     </span>
     <span class='ocr_line' id='line_1_11' title="bbox 334 1754 1101 1851; baseline -0.003 -23"><span class='ocrx_word' id='word_1_64' title='bbox 334 1756 622 1850; x_wconf 81' lang='lat' dir='ltr'><strong>quemadmodum</strong></span> <span class='ocrx_word' id='word_1_65' title='bbox 642 1754 903 1851; x_wconf 88' lang='lat' dir='ltr'><strong>philosophatus</strong></span> <span class='ocrx_word' id='word_1_66' title='bbox 925 1757 1022 1830; x_wconf 88' lang='lat' dir='ltr'><strong>Plato</strong></span> <span class='ocrx_word' id='word_1_67' title='bbox 1045 1760 1101 1829; x_wconf 91' lang='lat' dir='ltr'><strong>sit.</strong></span> 
     </span>
    </p>

    <p class='ocr_par' dir='ltr' id='par_1_4' title="bbox 331 1877 1402 2713">
     <span class='ocr_line' id='line_1_12' title="bbox 381 1877 1402 1976; baseline 0.002 -24"><span class='ocrx_word' id='word_1_68' title='bbox 381 1880 457 1952; x_wconf 89' lang='lat' dir='ltr'><strong>Non</strong></span> <span class='ocrx_word' id='word_1_69' title='bbox 474 1879 621 1950; x_wconf 88' lang='lat' dir='ltr'><strong>condere</strong></span> <span class='ocrx_word' id='word_1_70' title='bbox 643 1877 738 1950; x_wconf 90' lang='lat' dir='ltr'><strong>Plato</strong></span> <span class='ocrx_word' id='word_1_71' title='bbox 760 1877 995 1974; x_wconf 85' lang='lat' dir='ltr'><strong>philosophiae</strong></span> <span class='ocrx_word' id='word_1_72' title='bbox 1018 1893 1167 1976; x_wconf 83' lang='lat' dir='ltr'><strong>systema</strong></span> <span class='ocrx_word' id='word_1_73' title='bbox 1183 1883 1305 1954; x_wconf 84' lang='lat' dir='ltr'><strong>voluit.</strong></span> <span class='ocrx_word' id='word_1_74' title='bbox 1401 1903 1402 1940; x_wconf 49' lang='grc' dir='ltr'><em>ὲ</em></span> 
     </span>
     <span class='ocr_line' id='line_1_13' title="bbox 334 2001 1309 2098; baseline -0.001 -22"><span class='ocrx_word' id='word_1_75' title='bbox 334 2003 564 2098; x_wconf 79' lang='lat' dir='ltr'><strong>Susceperam</strong></span> <span class='ocrx_word' id='word_1_76' title='bbox 587 2001 624 2070; x_wconf 90' lang='lat' dir='ltr'><strong>id</strong></span> <span class='ocrx_word' id='word_1_77' title='bbox 646 2001 773 2093; x_wconf 77' lang='lat' dir='ltr'><strong>negotii</strong></span> <span class='ocrx_word' id='word_1_78' title='bbox 795 2001 1009 2096; x_wconf 86' lang='lat' dir='ltr'><strong>philosophi,</strong></span> <span class='ocrx_word' id='word_1_79' title='bbox 1032 2004 1093 2097; x_wconf 86' lang='lat' dir='ltr'><strong>qui</strong></span> <span class='ocrx_word' id='word_1_80' title='bbox 1115 2003 1244 2074; x_wconf 88' lang='lat' dir='ltr'><strong>deinde</strong></span> <span class='ocrx_word' id='word_1_81' title='bbox 1262 2007 1309 2075; x_wconf 92' lang='lat' dir='ltr'><strong>vi-</strong></span> 
     </span>
     <span class='ocr_line' id='line_1_14' title="bbox 334 2121 1402 2224; baseline 0.002 -28"><span class='ocrx_word' id='word_1_82' title='bbox 334 2136 480 2214; x_wconf 79' lang='lat' dir='ltr'><strong>xerunt,</strong></span> <span class='ocrx_word' id='word_1_83' title='bbox 505 2135 688 2224; x_wconf 88' lang='lat' dir='ltr'><strong>postquam</strong></span> <span class='ocrx_word' id='word_1_84' title='bbox 708 2121 941 2194; x_wconf 85' lang='lat' dir='ltr'><strong>doctrinarum</strong></span> <span class='ocrx_word' id='word_1_85' title='bbox 958 2123 1250 2196; x_wconf 87' lang='lat' dir='ltr'><strong>conficiendarum</strong></span> <span class='ocrx_word' id='word_1_86' title='bbox 1260 2151 1308 2198; x_wconf 90' lang='lat' dir='ltr'><strong>ar-</strong></span> <span class='ocrx_word' id='word_1_87' title='bbox 1401 2143 1402 2146; x_wconf 76' lang='grc'>’</span> 
     </span>
     <span class='ocr_line' id='line_1_15' title="bbox 334 2243 1306 2342; baseline 0.004 -26"><span class='ocrx_word' id='word_1_88' title='bbox 334 2261 404 2318; x_wconf 87' lang='lat' dir='ltr'><strong>tem</strong></span> <span class='ocrx_word' id='word_1_89' title='bbox 435 2243 633 2318; x_wconf 82' lang='lat' dir='ltr'><strong>Aristoteles</strong></span> <span class='ocrx_word' id='word_1_90' title='bbox 663 2244 836 2316; x_wconf 87' lang='lat' dir='ltr'><strong>docuerat.</strong></span> <span class='ocrx_word' id='word_1_91' title='bbox 888 2245 976 2316; x_wconf 87' lang='lat' dir='ltr'><strong>Tum</strong></span> <span class='ocrx_word' id='word_1_92' title='bbox 1000 2247 1066 2342; x_wconf 86' lang='lat' dir='ltr'><strong>ipsi</strong></span> <span class='ocrx_word' id='word_1_93' title='bbox 1089 2245 1306 2338; x_wconf 78' lang='lat' dir='ltr'><strong>Academici,</strong></span> 
     </span>
     <span class='ocr_line' id='line_1_16' title="bbox 333 2367 1307 2468; baseline 0.004 -28"><span class='ocrx_word' id='word_1_94' title='bbox 333 2379 470 2440; x_wconf 85' lang='lat' dir='ltr'><strong>auctore</strong></span> <span class='ocrx_word' id='word_1_95' title='bbox 501 2367 706 2458; x_wconf 79' lang='lat' dir='ltr'><strong>Xenocrate,</strong></span> <span class='ocrx_word' id='word_1_96' title='bbox 739 2368 847 2462; x_wconf 82' lang='lat' dir='ltr'><strong>ipsam</strong></span> <span class='ocrx_word' id='word_1_97' title='bbox 878 2367 1027 2440; x_wconf 84' lang='lat' dir='ltr'><strong>Platonis</strong></span> <span class='ocrx_word' id='word_1_98' title='bbox 1055 2369 1307 2468; x_wconf 90' lang='lat' dir='ltr'><strong>philosophiam</strong></span> 
     </span>
     <span class='ocr_line' id='line_1_17' title="bbox 332 2489 1308 2587; baseline 0.002 -23"><span class='ocrx_word' id='word_1_99' title='bbox 332 2517 403 2565; x_wconf 88' lang='lat' dir='ltr'><strong>non</strong></span> <span class='ocrx_word' id='word_1_100' title='bbox 426 2493 537 2566; x_wconf 90' lang='lat' dir='ltr'><strong>solum</strong></span> <span class='ocrx_word' id='word_1_101' title='bbox 562 2493 598 2562; x_wconf 87' lang='lat' dir='ltr'><strong>in</strong></span> <span class='ocrx_word' id='word_1_102' title='bbox 620 2492 794 2563; x_wconf 82' lang='lat' dir='ltr'><strong>doctrinae</strong></span> <span class='ocrx_word' id='word_1_103' title='bbox 811 2489 993 2562; x_wconf 83' lang='lat' dir='ltr'><strong>formulam</strong></span> <span class='ocrx_word' id='word_1_104' title='bbox 1013 2492 1236 2587; x_wconf 79' lang='lat' dir='ltr'><strong>redegerunt,</strong></span> <span class='ocrx_word' id='word_1_105' title='bbox 1248 2494 1308 2568; x_wconf 85' lang='lat' dir='ltr'><strong>sod</strong></span> 
     </span>
     <span class='ocr_line' id='line_1_18' title="bbox 331 2615 1310 2713; baseline 0.004 -27"><span class='ocrx_word' id='word_1_106' title='bbox 331 2619 369 2688; x_wconf 89' lang='lat' dir='ltr'><strong>in</strong></span> <span class='ocrx_word' id='word_1_107' title='bbox 391 2629 512 2713; x_wconf 77' lang='lat' dir='ltr'><strong>‚partes</strong></span> <span class='ocrx_word' id='word_1_108' title='bbox 543 2616 647 2686; x_wconf 88' lang='lat' dir='ltr'><strong>otiam</strong></span> <span class='ocrx_word' id='word_1_109' title='bbox 680 2615 936 2704; x_wconf 76' lang='lat' dir='ltr'><strong>dissecuerunt,</strong></span> <span class='ocrx_word' id='word_1_110' title='bbox 971 2616 1140 2710; x_wconf 86' lang='lat' dir='ltr'><strong>equibus</strong></span> <span class='ocrx_word' id='word_1_111' title='bbox 1162 2618 1310 2710; x_wconf 82' lang='lat' dir='ltr'><strong>singulis</strong></span> 
     </span>
    </p>

    <p class='ocr_par' dir='ltr' id='par_1_5' title="bbox 232 2735 1405 4080">
     <span class='ocr_line' id='line_1_19' title="bbox 299 2735 1309 2832; baseline -0.003 -21"><span class='ocrx_word' id='word_1_112' title='bbox 299 2788 302 2793; x_wconf 93' lang='lat'><em>-</em></span> <span class='ocrx_word' id='word_1_113' title='bbox 332 2741 481 2832; x_wconf 81' lang='lat' dir='ltr'><strong>shrgulas</strong></span> <span class='ocrx_word' id='word_1_114' title='bbox 499 2738 669 2808; x_wconf 86' lang='lat' dir='ltr'><strong>doctrinas</strong></span> <span class='ocrx_word' id='word_1_115' title='bbox 692 2735 917 2808; x_wconf 81' lang='lat' dir='ltr'><strong>conficerent:</strong></span> <span class='ocrx_word' id='word_1_116' title='bbox 942 2761 1012 2832; x_wconf 88' lang='lat' dir='ltr'><strong>qno</strong></span> <span class='ocrx_word' id='word_1_117' title='bbox 1035 2736 1171 2826; x_wconf 88' lang='lat' dir='ltr'><strong>lactum,</strong></span> <span class='ocrx_word' id='word_1_118' title='bbox 1196 2749 1238 2808; x_wconf 88' lang='lat' dir='ltr'><strong>nt</strong></span> <span class='ocrx_word' id='word_1_119' title='bbox 1262 2739 1309 2808; x_wconf 90' lang='lat' dir='ltr'><strong>ad</strong></span> 
     </span>
     <span class='ocr_line' id='line_1_20' title="bbox 332 2857 1308 2958; baseline 0.002 -28"><span class='ocrx_word' id='word_1_120' title='bbox 332 2860 535 2931; x_wconf 74' lang='lat' dir='ltr'><strong>hodiernum</strong></span> <span class='ocrx_word' id='word_1_121' title='bbox 558 2882 667 2954; x_wconf 89' lang='lat' dir='ltr'><strong>usque</strong></span> <span class='ocrx_word' id='word_1_122' title='bbox 690 2858 783 2928; x_wconf 90' lang='lat' dir='ltr'><strong>diem</strong></span> <span class='ocrx_word' id='word_1_123' title='bbox 806 2857 976 2929; x_wconf 84' lang='lat' dir='ltr'><strong>uberrima</strong></span> <span class='ocrx_word' id='word_1_124' title='bbox 994 2859 1054 2930; x_wconf 90' lang='lat' dir='ltr'><strong>illa</strong></span> <span class='ocrx_word' id='word_1_125' title='bbox 1073 2859 1308 2958; x_wconf 84' lang='lat' dir='ltr'><strong>latissimcqne</strong></span> 
     </span>
     <span class='ocr_line' id='line_1_21' title="bbox 232 2981 1307 3080; baseline 0.004 -26"><span class='ocrx_word' id='word_1_126' title='bbox 232 3011 256 3028; x_wconf 72' lang='lat'><strong>¹·</strong></span> <span class='ocrx_word' id='word_1_127' title='bbox 332 2995 452 3079; x_wconf 88' lang='lat' dir='ltr'><strong>patens</strong></span> <span class='ocrx_word' id='word_1_128' title='bbox 475 2981 711 3079; x_wconf 89' lang='lat' dir='ltr'><strong>philosophia,</strong></span> <span class='ocrx_word' id='word_1_129' title='bbox 733 3005 837 3076; x_wconf 91' lang='lat' dir='ltr'><strong>quam</strong></span> <span class='ocrx_word' id='word_1_130' title='bbox 859 2981 1039 3054; x_wconf 91' lang='lat' dir='ltr'><strong>scribendo</strong></span> <span class='ocrx_word' id='word_1_131' title='bbox 1058 2983 1157 3054; x_wconf 90' lang='lat' dir='ltr'><strong>Plato</strong></span> <span class='ocrx_word' id='word_1_132' title='bbox 1172 3008 1307 3080; x_wconf 85' lang='lat' dir='ltr'><strong>expres-</strong></span> 
     </span>
     <span class='ocr_line' id='line_1_22' title="bbox 332 3103 1402 3202; baseline 0.001 -22"><span class='ocrx_word' id='word_1_133' title='bbox 332 3111 395 3198; x_wconf 90' lang='lat' dir='ltr'><strong>sit,</strong></span> <span class='ocrx_word' id='word_1_134' title='bbox 419 3107 530 3180; x_wconf 87' lang='lat' dir='ltr'><strong>tribus</strong></span> <span class='ocrx_word' id='word_1_135' title='bbox 551 3117 705 3178; x_wconf 75' lang='lat' dir='ltr'><strong>constare</strong></span> <span class='ocrx_word' id='word_1_136' title='bbox 725 3103 900 3196; x_wconf 85' lang='lat' dir='ltr'><strong>doctrirns,</strong></span> <span class='ocrx_word' id='word_1_137' title='bbox 923 3105 1084 3202; x_wconf 90' lang='lat' dir='ltr'><strong>Physica,</strong></span> <span class='ocrx_word' id='word_1_138' title='bbox 1109 3107 1307 3199; x_wconf 85' lang='lat' dir='ltr'><strong>Dialectica,</strong></span> <span class='ocrx_word' id='word_1_139' title='bbox 1401 3108 1402 3126; x_wconf 68' lang='lat'><em>²</em></span> 
     </span>
     <span class='ocr_line' id='line_1_23' title="bbox 331 3227 1306 3324; baseline 0.001 -24"><span class='ocrx_word' id='word_1_140' title='bbox 331 3229 449 3301; x_wconf 88' lang='lat' dir='ltr'><strong>Ethica</strong></span> <span class='ocrx_word' id='word_1_141' title='bbox 480 3229 645 3300; x_wconf 87' lang='lat' dir='ltr'><strong>videatur.</strong></span> <span class='ocrx_word' id='word_1_142' title='bbox 695 3227 844 3298; x_wconf 88' lang='lat' dir='ltr'><strong>Platonis</strong></span> <span class='ocrx_word' id='word_1_143' title='bbox 871 3227 1045 3322; x_wconf 84' lang='lat' dir='ltr'><strong>ingenium</strong></span> <span class='ocrx_word' id='word_1_144' title='bbox 1068 3253 1210 3324; x_wconf 87' lang='lat' dir='ltr'><strong>prorsus</strong></span> <span class='ocrx_word' id='word_1_145' title='bbox 1236 3243 1306 3302; x_wconf 84' lang='lat' dir='ltr'><strong>erat</strong></span> 
     </span>
     <span class='ocr_line' id='line_1_24' title="bbox 332 3349 1305 3444; baseline 0.003 -22"><span class='ocrx_word' id='word_1_146' title='bbox 332 3351 376 3422; x_wconf 90' lang='lat' dir='ltr'><strong>ab</strong></span> <span class='ocrx_word' id='word_1_147' title='bbox 407 3351 471 3424; x_wconf 92' lang='lat' dir='ltr'><strong>boo</strong></span> <span class='ocrx_word' id='word_1_148' title='bbox 503 3352 639 3444; x_wconf 78' lang='lat' dir='ltr'><strong>negotio</strong></span> <span class='ocrx_word' id='word_1_149' title='bbox 668 3349 838 3439; x_wconf 70' lang='lat' dir='ltr'><strong>aliennm3</strong></span> <span class='ocrx_word' id='word_1_150' title='bbox 870 3375 933 3422; x_wconf 87' lang='lat' dir='ltr'><strong>nec</strong></span> <span class='ocrx_word' id='word_1_151' title='bbox 959 3364 1074 3424; x_wconf 85' lang='lat' dir='ltr'><strong>tamen</strong></span> <span class='ocrx_word' id='word_1_152' title='bbox 1096 3365 1226 3424; x_wconf 88' lang='lat' dir='ltr'><strong>temere</strong></span> <span class='ocrx_word' id='word_1_153' title='bbox 1249 3354 1305 3424; x_wconf 93' lang='lat' dir='ltr'><strong>ille</strong></span> 
     </span>
     <span class='ocr_line' id='line_1_25' title="bbox 332 3473 1305 3570; baseline 0 -24"><span class='ocrx_word' id='word_1_154' title='bbox 332 3487 391 3546; x_wconf 89' lang='lat' dir='ltr'><strong>aut</strong></span> <span class='ocrx_word' id='word_1_155' title='bbox 415 3479 594 3570; x_wconf 70' lang='lat' dir='ltr'><strong>poetarum</strong></span> <span class='ocrx_word' id='word_1_156' title='bbox 615 3487 709 3546; x_wconf 87' lang='lat' dir='ltr'><strong>more</strong></span> <span class='ocrx_word' id='word_1_157' title='bbox 730 3475 767 3547; x_wconf 91' lang='lat' dir='ltr'><strong>in</strong></span> <span class='ocrx_word' id='word_1_158' title='bbox 786 3473 1060 3570; x_wconf 90' lang='lat' dir='ltr'><strong>philosophando</strong></span> <span class='ocrx_word' id='word_1_159' title='bbox 1078 3488 1221 3569; x_wconf 82' lang='lat' dir='ltr'><strong>vagatus</strong></span> <span class='ocrx_word' id='word_1_160' title='bbox 1242 3491 1305 3548; x_wconf 84' lang='lat' dir='ltr'><strong>cst.</strong></span> 
     </span>
     <span class='ocr_line' id='line_1_26' title="bbox 332 3595 1306 3694; baseline -0.003 -24"><span class='ocrx_word' id='word_1_161' title='bbox 332 3596 582 3692; x_wconf 88' lang='lat' dir='ltr'><strong>Philosophiam</strong></span> <span class='ocrx_word' id='word_1_162' title='bbox 612 3599 768 3670; x_wconf 85' lang='lat' dir='ltr'><strong>tractavit</strong></span> <span class='ocrx_word' id='word_1_163' title='bbox 796 3595 941 3668; x_wconf 82' lang='lat' dir='ltr'><strong>Socratis</strong></span> <span class='ocrx_word' id='word_1_164' title='bbox 965 3599 1019 3670; x_wconf 90' lang='lat' dir='ltr'><strong>sui</strong></span> <span class='ocrx_word' id='word_1_165' title='bbox 1039 3609 1074 3668; x_wconf 87' lang='lat' dir='ltr'><strong>at</strong></span> <span class='ocrx_word' id='word_1_166' title='bbox 1093 3597 1306 3694; x_wconf 79' lang='lat' dir='ltr'><strong>Pythagorae</strong></span> 
     </span>
     <span class='ocr_line' id='line_1_27' title="bbox 333 3718 1307 3813; baseline -0.003 -20"><span class='ocrx_word' id='word_1_167' title='bbox 333 3725 456 3813; x_wconf 82' lang='lat' dir='ltr'><strong>instar,</strong></span> <span class='ocrx_word' id='word_1_168' title='bbox 480 3735 520 3792; x_wconf 88' lang='lat' dir='ltr'><strong>ut</strong></span> <span class='ocrx_word' id='word_1_169' title='bbox 541 3718 708 3812; x_wconf 72' lang='grc' dir='ltr'><em>παιδείαν,</em></span> <span class='ocrx_word' id='word_1_170' title='bbox 734 3732 774 3792; x_wconf 86' lang='lat' dir='ltr'><strong>ut</strong></span> <span class='ocrx_word' id='word_1_171' title='bbox 798 3721 1007 3792; x_wconf 86' lang='lat' dir='ltr'><strong>verissimam</strong></span> <span class='ocrx_word' id='word_1_172' title='bbox 1028 3718 1176 3792; x_wconf 90' lang='lat' dir='ltr'><strong>hominis</strong></span> <span class='ocrx_word' id='word_1_173' title='bbox 1200 3722 1307 3793; x_wconf 87' lang='lat' dir='ltr'><strong>insti-</strong></span> 
     </span>
     <span class='ocr_line' id='line_1_28' title="bbox 332 3843 1308 3939; baseline -0.002 -23"><span class='ocrx_word' id='word_1_174' title='bbox 332 3846 517 3934; x_wconf 83' lang='lat' dir='ltr'><strong>tutionem,</strong></span> <span class='ocrx_word' id='word_1_175' title='bbox 551 3867 639 3939; x_wconf 89' lang='lat' dir='ltr'><strong>quae</strong></span> <span class='ocrx_word' id='word_1_176' title='bbox 672 3868 742 3914; x_wconf 91' lang='lat' dir='ltr'><strong>non</strong></span> <span class='ocrx_word' id='word_1_177' title='bbox 775 3844 933 3938; x_wconf 88' lang='lat' dir='ltr'><strong>partibus</strong></span> <span class='ocrx_word' id='word_1_178' title='bbox 956 3843 1210 3933; x_wconf 89' lang='lat' dir='ltr'><strong>contineretur,</strong></span> <span class='ocrx_word' id='word_1_179' title='bbox 1236 3868 1308 3914; x_wconf 89' lang='lat' dir='ltr'><strong>non</strong></span> 
     </span>
     <span class='ocr_line' id='line_1_29' title="bbox 333 3965 1307 4080; baseline -0.003 -39"><span class='ocrx_word' id='word_1_180' title='bbox 333 3980 501 4041; x_wconf 89' lang='lat' dir='ltr'><strong>constaret</strong></span> <span class='ocrx_word' id='word_1_181' title='bbox 531 3967 665 4039; x_wconf 90' lang='lat' dir='ltr'><strong>duabus</strong></span> <span class='ocrx_word' id='word_1_182' title='bbox 695 3967 849 4038; x_wconf 87' lang='lat' dir='ltr'><strong>tribusve</strong></span> <span class='ocrx_word' id='word_1_183' title='bbox 878 3965 1060 4080; x_wconf 76' lang='lat' dir='ltr'><strong>doctrinis,</strong></span> <span class='ocrx_word' id='word_1_184' title='bbox 1083 3979 1165 4060; x_wconf 87' lang='lat' dir='ltr'><strong>apte</strong></span> <span class='ocrx_word' id='word_1_185' title='bbox 1187 3989 1307 4038; x_wconf 88' lang='lat' dir='ltr'><strong>seeum</strong></span> 
     </span>
    </p>
   </div>
   <div class='ocr_carea' id='block_1_3' title="bbox 0 0 1418 5098">
    <p class='ocr_par' dir='ltr' id='par_1_6' title="bbox 0 0 1418 5098">
     <span class='ocr_line' id='line_1_30' title="bbox 0 0 1418 5098; baseline 0 1"><span class='ocrx_word' id='word_1_186' title='bbox 0 0 1418 5098; x_wconf 95' lang='lat' dir='ltr'><strong> </strong></span> 
     </span>
    </p>
   </div>
  </div>
 </body>
</html>
