2828 5098
492 517 709 589 ...139-

493 773 711 822 tantalum

368 919 411 964 ΒΕ
433 918 636 970 rmosorml
662 921 825 971 entreats.

163 1073 263 1164 Quod
291 1075 334 1146 da
363 1079 499 1173 scriptis
522 1079 671 1152 Platonis
694 1081 871 1154 attulimus
892 1081 1095 1155 Aristotelis

107 1197 265 1270 dictum:
295 1201 414 1272 madia
444 1208 524 1296 ejus
552 1209 674 1276 oratio
706 1215 760 1278 eet
793 1210 893 1277 inter
910 1213 1088 1302 paemaet

102 1323 312 1416 pedestrem
335 1331 560 1398 orationem:
585 1328 677 1398 idem
699 1327 837 1399 videtur
856 1328 901 1400 de
923 1329 1088 1427 ejusphi·
1185 1318 1189 1332 ’

109 1443 265 1540 losophia
284 1444 481 1521 dicendum.
530 1449 693 1524 Sublimis
716 1463 769 1522 est
791 1451 870 1542 illa,
894 1463 933 1524 nt
955 1453 1085 1528 nullius

108 1567 210 1639 facile
242 1569 439 1668 philosophi
467 1575 538 1646 sire
570 1575 694 1646 veteris
715 1577 786 1646 sire
807 1575 1002 1646 recentioris
1022 1599 1084 1646 ae-

109 1691 203 1779 tatis3
224 1693 286 1764 sed
308 1719 377 1766 non
399 1717 534 1791 semper
555 1719 592 1766 se
612 1698 782 1768 continuit
792 1697 889 1768 Plato
901 1719 1000 1768 aerae
1010 1698 1084 1794 phi·

109 1813 285 1910 losophiae
304 1815 455 1907 finibus,
476 1841 565 1913 quae
586 1830 622 1888 et
643 1817 863 1889 facultatibus
886 1822 1012 1912 ingenii
1025 1820 1087 1891 hu·

108 1939 203 2007 mani
223 1950 258 2008 et
282 1963 396 2012 rerum
419 1939 646 2012 humanarum
666 1941 852 2012 conditioni
875 1954 927 2011 est
947 1965 1086 2012 cousen-

108 2071 220 2132 tanea.
271 2061 415 2157 Superat
436 2061 584 2134 multum
605 2063 757 2135 subinde
768 2075 907 2158 captum
920 2074 1085 2153 nostrum,

108 2194 248 2278 superat
280 2185 383 2254 etiam
416 2186 608 2256 naturalem
626 2186 718 2256 vitae
739 2195 874 2256 nostrae
896 2185 1084 2270 rationcm3

16 2313 20 2318 ’
106 2299 153 2375 de
176 2317 323 2398 utroque
343 2306 517 2377 videamus
539 2305 748 2399 singulatim.

125 2421 199 2494 ‘ln
234 2423 420 2496 dialecticis
451 2425 639 2496 scribendis
673 2427 815 2518 dialogis
848 2425 957 2515 Plato,
991 2426 1084 2522 quod

107 2547 218 2618 verbo
233 2551 306 2642 jam
330 2549 519 2642 attigimus,
542 2549 590 2617 ita
601 2547 744 2618 indulsit
756 2549 891 2641 ingenio
908 2573 947 2619 ac
957 2549 1085 2641 fingen-

108 2670 146 2740 di
164 2668 457 2766 ratiocinandique
476 2667 645 2760 facultati,
669 2682 708 2740 ut
724 2667 912 2762 negligeret
924 2668 1086 2763 planedi-

108 2793 227 2864 vinum
250 2791 425 2864 desemel
447 2793 521 2888 ipso
543 2791 778 2886 cognoscendo
788 2775 1022 2886 praeceptura,
1034 2803 1087 2863 to·

110 2926 188 2985 turn
221 2935 259 2986 se
291 2914 470 3005 inanibus,
495 2939 579 3010 quas
600 2937 771 3004 vocamus,
795 2913 1086 3008 speculationibus
1146 2944 1150 2952 ·

110 3037 271 3109 traderet.
322 3037 552 3134 Apriori,·ut
574 3037 640 3110 hoo
662 3049 753 3126 utar,
772 3035 808 3105 in
832 3035 985 3106 Philebo
1006 3059 1086 3129 gra-
1152 3013 1156 3019 ⁵

109 3141 286 3233 vissimunr
309 3161 479 3256 explicare
500 3159 546 3230 de
568 3161 692 3231 virtute
714 3171 750 3230 et
768 3157 944 3252 voluptate
954 3157 1087 3252 proble

110 3307 165 3355 ma
188 3286 283 3356 nisus
312 3296 377 3354 est.
424 3281 568 3355 Philolai
590 3295 752 3379 reputans
776 3281 997 3352 sententiam:
1019 3283 1088 3374 ot·
1127 3335 1130 3340 -

110 3433 161 3488 σιν
196 3399 232 3483 dl
264 3403 297 3480 ἐν
329 3404 378 3504 τῷ
410 3405 526 3501 κόσμῳ
559 3402 717 3504 ἁρμόχθη
744 3401 782 3495 ἐξ
805 3401 940 3500 ἀπείρων
964 3429 1003 3476 τε
1031 3405 1087 3476 aa>

109 3529 336 3628 reparaturos,
359 3531 416 3604 aa>
440 3529 515 3610 ὅλος
537 3528 661 3625 κόσμος
685 3527 742 3602 καὶ
765 3526 812 3603 τὰ
834 3525 866 3602 ἓν
892 3527 981 3624 ainai
1001 3523 1088 3601 πάν-

111 3679 167 3728 aa·
200 3651 252 3752 (*)
287 3654 458 3750 ponebat,
490 3665 645 3726 constare
671 3651 784 3723 omnia
818 3650 865 3748 τῷ
889 3648 1011 3748 dranci
1030 3649 1088 3722 aa>

115 3838 345 3852 -αιὼ--ι

124 3960 182 4030 (*)
206 3965 236 4014 V.
253 3964 296 4030 qni
320 3973 398 4012 nostra
421 3969 497 4012 aetate
521 3963 638 4030 praeclara
660 3962 750 4014 dehoc
770 3961 862 4028 dialogo
880 3959 958 4010 meriti
976 3964 1042 4016 suut,
1061 3956 1085 4004 in

113 4055 193 4118 primis
208 4054 283 4106 stalb.
299 4055 374 4105 Prlei.
393 4051 422 4104 td
440 4054 464 4108 Ιι.
484 4051 542 4104 dial·
