2828 5098
723 473 942 547 ,144-

340 695 435 744 versa
464 672 666 767 patrimonia
690 669 823 760 noluit,
854 669 1078 764 pervenitque
1102 671 1149 739 ita
1172 671 1218 742 ad
1242 674 1315 744 ab-

340 794 483 866 sunlum
511 791 599 864 illud
623 791 668 862 de
691 790 915 864 foeminarum
938 803 974 860 et
996 789 1194 862 divitiarum
1217 817 1316 866 oom-

339 918 500 988 munione
522 915 711 987 decretum.
736 914 803 986 Nos
827 917 1002 985 mittamus
1025 915 1092 986 hoc
1106 915 1317 990 facitemam

340 1040 504 1136 placitum
529 1039 595 1110 fuit
619 1015 827 1133 philosophi,
852 1062 932 1108 cum
956 1039 1029 1134 ipsa
1052 1039 1314 1136 philosophiae,

340 1187 444 1258 quam
475 1161 651 1251 condidit,—
684 1145 800 1231 indole
836 1173 871 1230 et
906 1173 1027 1233 natura
1060 1176 1208 1233 nonest
1232 1187 1316 1235 con-

336 1289 509 1380 junctum.
559 1284 788 1354 Veruntamen
820 1282 884 1354 hac
909 1284 981 1378 ipsa
1005 1283 1134 1356 factum
1158 1297 1210 1355 est
1233 1285 1316 1380 phi-

340 1408 542 1505 losophandi
566 1409 706 1497 ratione,
733 1419 771 1477 ut
794 1405 989 1501 philosophi
1013 1407 1173 1502 deinceps
1197 1407 1315 1498 multi,

340 1555 498 1628 perverso
514 1531 581 1602 hoe
604 1529 700 1603 ducti
724 1527 1087 1625 perfectionisstudio,
1112 1553 1166 1600 ree
1190 1529 1317 1601 huma·

340 1679 400 1726 nas
424 1679 505 1745 non,
530 1653 647 1750 quales
671 1665 784 1724 essent
805 1664 909 1748 atque
920 1675 993 1723 esse
1005 1651 1182 1744 deberent,
1200 1667 1315 1726 atten-

328 1778 473 1869 derent,
497 1765 559 1849 sed
583 1777 667 1848 tales
692 1776 873 1870 lingerent,
896 1773 1013 1870 quales
1035 1776 1119 1870 ipsis
1138 1775 1315 1871 easfinge-

339 1925 389 1994 re,
413 1912 624 1997 repugnante
648 1899 733 1970 adeo
756 1911 888 1987 natura,
913 1897 1075 1992 placeret.

387 2025 475 2096 Vitia
504 2023 588 2094 haec
618 2034 699 2093 sunt
730 2022 801 2092 sive
831 2020 1066 2116 philosophiae
1096 2022 1312 2112 Platonicae,

338 2149 410 2218 sive
433 2148 539 2240 ipsius
565 2146 727 2214 Platonis.
778 2143 846 2213 Sed
865 2156 946 2214 sunt
966 2145 1080 2234 etiam,
1108 2169 1197 2240 quae
1219 2144 1313 2216 desi-

337 2268 494 2338 deremus
514 2268 550 2337 in
570 2271 643 2362 ejus
666 2265 895 2361 philosophia,
918 2289 1020 2361 quam
1032 2266 1182 2362 plurima
1192 2279 1228 2337 et
1239 2293 1314 2361 gra-

335 2390 481 2460 vissima.
531 2389 628 2460 Valet
658 2387 743 2460 haec
771 2386 1034 2484 philosophandi
1060 2391 1147 2458 ratio
1168 2389 1212 2458 ad
1232 2413 1314 2483 cog-

336 2512 545 2584 noscendum
564 2511 754 2584 hominem:
777 2511 867 2582 valet
886 2511 930 2580 ad
952 2509 1200 2602 educationem,
1212 2513 1314 2583 insti·

335 2637 517 2726 tutionem,
542 2635 785 2730 perfectionem
801 2633 946 2704 hominis
966 2633 1232 2729 provehendam:
1249 2659 1316 2705 va-

336 2757 386 2828 let
403 2760 485 2827 item
496 2755 541 2826 ad
552 2769 644 2826 reete
655 2753 884 2826 informandas
896 2755 1128 2852 regendasque
1138 2756 1315 2828 civitates:

207 2935 208 2938 ,
336 2880 426 2950 valet
448 2878 659 2974 praesertim,
682 2877 777 2972 quod
795 2901 814 2947 e
836 2877 1011 2950 dialectica
1028 2877 1316 2973 viriatqueidea-

336 3025 413 3073 rum
442 3001 596 3072 doctrina
616 3012 724 3096 patet,
747 2999 791 3070 ad
817 3005 1008 3072 veritatem
1033 3001 1204 3073 cernendo
1228 3007 1314 3096 jun-

337 3123 517 3220 gendoque
544 3121 811 3217 assequendam,
840 3123 884 3193 ad
911 3135 1066 3196 naturae
1091 3149 1173 3197 vero
1195 3128 1314 3220 cogni-

336 3249 465 3320 tionem
496 3271 566 3319 non
603 3243 712 3335 valet,
744 3257 837 3317 certe
870 3269 938 3318 non
968 3247 1105 3319 sufficit.
1156 3247 1215 3322 Te
1241 3245 1316 3324 δεν-

337 3366 425 3465 δρὰ,
470 3367 563 3464 apud
607 3365 795 3438 Platonem.
820 3363 903 3439 di'eit
938 3369 1112 3460 Socrates,
1145 3367 1234 3445 otta
1268 3398 1315 3464 με

338 3488 420 3566 θέλει
443 3486 632 3580 διδάσκειν,
656 3487 733 3563 ἀλλ’
758 3491 787 3563 οἱ
806 3486 839 3562 ἓν
861 3489 932 3576 tea
957 3487 1113 3588 tropaeo
1137 3491 1151 3590 ζ
1174 3492 1199 3589 ).
1249 3495 1316 3564 Se-

336 3637 401 3704 ne,
435 3613 495 3684 ubi
529 3612 625 3683 Plato
653 3635 769 3683 rerum
788 3623 942 3684 naturam
966 3615 1135 3710 explicare
1156 3615 1315 3710 aggredi-

337 3749 407 3825 tur,
437 3735 486 3804 sio
504 3735 624 3806 miscet
645 3759 726 3824 cum
742 3734 846 3807 rebus
868 3735 993 3808 divinis
1014 3747 1050 3809 et
1071 3738 1229 3810 humanis
1253 3762 1315 3812 ree

370 4007 408 4077 υ)
425 4009 548 4060 rasae.
565 4009 616 4058 aaa
633 4007 663 4056 n.
781 3993 783 3999 ‘
