2828 5098
716 486 934 564 *12οω-

340 695 456 785 pateat
480 683 607 782 magis,
631 705 699 758 non
721 686 832 758 solum
855 710 935 758 cum
954 681 1122 777 doctrine,
1139 687 1318 782 sedngen‘

267 831 269 836 ·
340 811 377 882 di
410 812 512 882 etiam
535 813 664 882 ratione
686 812 894 882 Socraticum
916 808 1020 882 fuisse
1042 805 1313 908 philosophum,

339 935 443 1004 vitam
467 939 540 1030 ejus
560 937 727 1032 privatam
750 947 785 1005 et
805 959 859 1006 res
880 946 989 1028 gestas
1014 934 1275 1008 consideremus.
1305 953 1309 962 '

387 1039 597 1130 Detrectavit
619 1058 866 1156 rempublicam
890 1058 997 1130 Plato.
1047 1058 1223 1130 lncidebat
1244 1063 1310 1132 sci⁴

338 1174 418 1253 licet
441 1195 532 1254 aetas
556 1187 630 1277 ejus
652 1184 688 1252 in
710 1181 838 1253 medias
859 1182 943 1252 belli
962 1181 1239 1278 Peloponnesiaci
1260 1208 1312 1254 cea

338 1298 525 1397 lamitates,
556 1328 576 1376 e
602 1305 728 1400 quibus
751 1305 847 1400 ipse,
876 1317 915 1376 ut
938 1306 1095 1396 rebatur,
1119 1305 1208 1410 cives
1232 1319 1313 1378 suos

338 1427 499 1523 expedire
529 1452 598 1500 non
621 1439 766 1524 poterat.
817 1429 885 1500 Nec
909 1441 1024 1498 tamen
1043 1429 1145 1499 rebus
1169 1429 1313 1500 Gracco
1398 1471 1399 1474 =

335 1566 414 1620 rum
461 1549 664 1644 gravissimis
699 1551 875 1623 consulere
908 1551 1031 1622 noluit.
1092 1552 1259 1623 Invitatus
1295 1579 1314 1623 a
1398 1567 1399 1572 ’

335 1667 463 1762 Dione,
499 1673 746 1770 discipulorum
779 1676 1053 1768 generosissimo,
1091 1675 1127 1744 in
1161 1675 1313 1746 Siciliam

335 1808 388 1865 est
420 1795 614 1891 profectus,
648 1810 688 1867 ut
710 1796 909 1894 Dionysios,
933 1800 1175 1894 Syracusarum
1192 1811 1312 1894 tyran·
1398 1865 1399 1876 ,

219 1902 222 1908 f
335 1935 416 2011 nos,
450 1922 601 2016 primum
634 1933 786 2017 patrem,
822 1935 897 1994 tum
919 1922 1050 2014 filium,
1074 1921 1309 2018 philosophiae
1398 1939 1399 2012 j

335 2045 526 2139 praeceptis
549 2042 978 2144 imbuerem-eosdemque
991 2055 1025 2114 et
1049 2044 1169 2138 dignos
1187 2043 1309 2134 redde·

332 2175 404 2254 ret,
430 2167 490 2259 qui
512 2165 649 2260 populis
672 2161 887 2260 praeessent,
911 2179 946 2237 et
968 2147 1085 2263 aptos,
1109 2169 1170 2262 qui
1195 2192 1308 2264 popu⁴

160 2296 164 2305 ’
291 2284 444 2356 ,lorum
468 2285 685 2356 consulerent
708 2286 885 2376 felicitati3
909 2286 945 2358 id
969 2291 1308 2385 tenens‘praecipue‚
1398 2267 1399 2322 l

329 2407 497 2478 malorum
523 2410 559 2478 in
588 2408 782 2480 civitatibus
804 2434 979 2506 nunqnam
1002 2410 1108 2482 finem
1129 2411 1305 2504 futurum,

328 2531 529 2625 prinsquam
552 2529 607 2600 vel
628 2529 825 2627 philosophi
849 2555 904 2603 eas
931 2545 1108 2626 regerent,
1140 2534 1195 2604 vel
1217 2536 1307 2630 ipsa-

327 2677 404 2722 rum
437 2665 585 2725 rectores
621 2652 817 2748 philosophi
852 2668 976 2725 essent.
1027 2657 1163 2728 Frustra
1195 2659 1231 2726 in
1260 2681 1305 2728 eo

326 2771 423 2845 Plato
451 2774 537 2860 fuit3
572 2775 633 2845 sed
665 2775 829 2846 efficimus
859 2776 957 2868 inde,
983 2803 1052 2850 non
1074 2779 1181 2852 solum
1205 2779 1303 2850 theo·

325 2897 487 2984 reticem,
523 2895 584 2966 sed
618 2898 720 2966 etiam
749 2899 933 2994 practicam
957 2905 1031 2995 ejus
1051 2904 1156 2973 vitam
1176 2901 1304 2994 luisse,

326 3039 396 3090 non
430 3017 607 3090 delituisse
641 3043 721 3090 eum
744 3022 780 3090 in
803 3019 1005 3114 Academiae
1027 3025 1156 3116 hortis,
1182 3025 1244 3096 sed
1266 3027 1304 3096 in

325 3141 403 3214 luce
426 3140 605 3213 hominnm
628 3143 773 3233 vixisse,
797 3156 832 3216 et
855 3144 921 3218 hoc
942 3148 1083 3242 quidem
1106 3151 1302 3245 proposito,

325 3283 393 3360 qno
416 3266 541 3358 magis,
566 3265 660 3360 qnod
681 3265 783 3361 plane
806 3281 878 3339 eret
898 3271 1123 3364 Socraticum,
1144 3273 1302 3344 meliores
1398 3355 1399 3386 1

323 3385 482 3457 redderet
505 3387 679 3478 homines,
714 3387 790 3460 illos
811 3395 1032 3486 praesertim,
1057 3398 1117 3492 qui
1137 3398 1208 3467 vim
1231 3422 1302 3467 me·

247 3521 250 3530 '
323 3509 449 3577 nimam
479 3531 633 3580 exercere
666 3511 703 3581 in
734 3513 823 3584 cives
846 3539 924 3586 suos
947 3532 1097 3612 possent.
1148 3521 1301 3592 Incertae
1398 3523 1399 3614 i

209 3685 216 3694 .
322 3632 530 3702 auctoritatis
554 3645 652 3723 sunt,
674 3657 761 3730 quac
779 3636 845 3706 suh
866 3639 1004 3709 nomine
1016 3639 1165 3713 Platonis
1185 3641 1299 3712 ferun⁴
1356 3691 1357 3694 =
1398 3661 1399 3714 t

321 3761 391 3845 tur,
415 3755 593 3849 epistolae:
613 3771 835 3852 veruntamen
861 3764 1018 3856 exposuit
1029 3787 1145 3834 carum
1166 3777 1299 3854 auctor,

225 3913 231 3928 ·
320 3877 517 3973 quicunque
544 3878 628 3970 fuit,
660 3879 855 3978 philosophi
888 3885 1045 3976 consilia,
1079 3898 1118 3957 ut
1144 3910 1184 3958 cx
1211 3889 1297 3982 ipsis

319 4001 381 4071 viri
405 4002 558 4097 scriptis,
585 4003 728 4074 maxime
751 4029 769 4072 e
792 4017 886 4076 sexto
907 4007 1047 4078 Politice
1065 4009 1165 4100 libro,
1184 4023 1296 4105 patet.
1398 4091 1399 4110 χ
