2824 5084
443 439 665 548 -173-2-

123 679 222 768 Quod
242 691 359 754 autem
382 677 474 764 dixi,
506 700 575 747 non
596 677 769 747 hominem
792 677 835 745 ab
862 670 1044 747 Aristotele

80 814 166 872 reete
187 799 401 895 exploratum
422 821 507 887 esse,
527 797 619 868 haud
639 800 688 868 ita
706 783 955 892 accipiendum,
966 823 1047 892 qua

78 923 103 992 si
124 922 249 995 mentis
268 920 437 992 humanae
461 913 697 1012 cognitionem
723 909 921 1013 neglexerit.
971 918 1065 1006 Quo·

77 1043 111 1112 id
134 1043 249 1114 studio
272 1043 399 1136 egerit,
424 1053 621 1137 quantaque
642 1041 840 1136 diligentia,
864 1063 966 1136 opera
982 1053 1047 1136 tes-

77 1177 205 1236 tantur,
233 1162 451 1264 philosophi,
494 1165 692 1258 praesertim
732 1163 826 1258 quod
859 1163 904 1234 de
936 1164 1049 1234 animo

76 1288 231 1382 scripsit,
257 1299 335 1358 tum
354 1287 507 1358 omnium
530 1288 674 1358 maxime
690 1283 860 1381 Organon.
887 1288 956 1359 Nec
972 1287 1048 1356 fieri

75 1435 153 1482 sane
187 1413 320 1507 potuit,
353 1423 411 1501 ut,
447 1435 525 1483 cum
560 1411 609 1480 nil
641 1437 711 1484 non
733 1415 770 1482 in
791 1437 906 1484 rerum
927 1424 1048 1483 natma

76 1558 178 1630 quam
194 1535 448 1606 accuratissime
474 1535 710 1627 investigaret,
728 1535 857 1606 mentis
879 1534 1048 1606 humanae

76 1657 251 1728 facultates
265 1657 571 1752 ‘praetermitteret
622 1657 689 1726 Sed
712 1680 782 1727 non
803 1669 883 1752 apta
912 1658 949 1728 id
967 1657 1048 1730 fecit

77 1771 215 1854 ratione.
267 1781 492 1860 Intellectum
528 1779 694 1869 hominis,
725 1803 801 1851 non
825 1771 964 1851 sarreia
985 1787 1048 1852 tn·
1165 1827 1168 1838 ·

80 1916 220 1976 ternum
257 1908 479 2000 animumque
516 1905 703 1997 spectavit,
724 1917 812 1998 'quo
846 1901 975 1992 fiebat,
990 1937 993 1944 ¹
1009 1915 1049 1972 ut

78 2028 148 2121 ipse
171 2029 206 2096 in
228 2025 438 2121 exquirendo
461 2030 669 2098 observaret
691 2026 818 2120 magis,
847 2049 950 2119 quam
970 2049 1049 2094 sen·

79 2155 175 2224 tiret.
212 2149 411 2222 Observavit
427 2161 577 2220 mentem
598 2148 801 2238 humanam,
822 2147 948 2218 sentire
969 2171 1051 2218 vero

78 2285 180 2368 atquc
201 2273 322 2360 intimo
342 2274 518 2366 percipere
536 2275 661 2364 animo,
675 2272 760 2367 quid
771 2271 900 2344 homini
911 2272 1049 2360 inesset,

75 2421 146 2467 non
175 2394 320 2464 studuit.
376 2391 573 2483 Gortieem,
599 2395 708 2463 atita
729 2394 861 2483 dicam,
884 2393 1051 2464 humanae

75 2517 220 2606 indolis,
244 2539 313 2588 non
331 2518 494 2588 nucleum
516 2515 688 2601 attendit.¹
724 2515 807 2616 Nam
829 2516 878 2586 sic
898 2515 1051 2610 prolecto
1146 2595 1149 2598 ,

77 2663 111 2710 se
134 2662 190 2709 res
213 2637 335 2712 hahet:
359 2639 513 2710 notiones
535 2638 658 2716 mentis
681 2638 872 2726 naturaleS,
893 2647 976 2734 quas
995 2661 1052 2708 oa-

78 2762 223 2854 tegorias
258 2762 408 2850 vocavit,
442 2760 601 2832 discrevit
624 2759 885 2852 admirabiliter,
909 2759 1051 2854 subtili-

80 2895 202 2978 terque
234 2884 422 2979 explicuit,
456 2883 561 2953 animi
596 2905 676 2955 vero
693 2907 826 2956 sensus
840 2884 1053 2974 interiores,

80 3029 219 3078 sensum
251 3007 287 3074 in
317 3005 435 3101 primis
467 3005 689 3100 studiumque
711 3005 841 3102 pulcri,
865 3006 969 3097 boni,
998 3004 1052 3075 di-

78 3129 175 3222 vini,
200 3153 269 3202 non
292 3128 551 3214 animadvertit:
589 3128 729 3200 latuisse
750 3153 829 3201 eum
852 3127 936 3201 adeo
957 3126 1054 3200 ride·

78 3263 159 3342 tur,
194 3251 288 3347 quod
316 3235 413 3322 Plato
435 3248 608 3339 celebrat,
634 3249 768 3347 ὄργανον
790 3249 880 3322 illud
902 3252 966 3338 rie
980 3245 1053 3340 ψυ-

80 3375 150 3471 χῆς
159 3419 174 3464 ,1
196 3376 288 3471 quod
307 3377 482 3446 caecantia
495 3383 667 3470 praestat
686 3376 814 3463 oculis,
835 3378 966 3470 quippe
986 3399 1052 3470 qao

79 3515 151 3567 uno
180 3501 318 3568 veritas
351 3500 527 3567 cernitur.
577 3494 663 3566 Illuc
685 3506 776 3566 certe
789 3519 865 3566 ¹non
888 3495 1053 3582 convertit
1099 3486 1102 3494 ’

83 3619 118 3688 in
143 3617 368 3712 disquirendo
391 3618 513 3689 mentis
537 3617 662 3707 aciem,
686 3639 756 3711 quo
775 3617 875 3690 unice
885 3618 1053 3713 respicere

85 3740 180 3836 apud
215 3733 391 3813 Platonem
423 3740 575 3812 Socrates
597 3739 805 3812 Glauconcm
821 3739 935 3834 jubet.
980 3736 1054 3823 ¹Sed

81 3864 193 3953 illuc,
226 3865 292 3953 ait,
328 3892 347 3935 o
375 3861 527 3946 Glauco,
553 3853 715 3958 spectare
738 3871 876 3955 oportet
901 3903 952 3916 —
978 3858 1054 3952 Quo

86 3983 253 4056 tandem?
276 4025 325 4041 -
349 3983 409 4056 Ad
426 3989 558 4078 ipsam,
584 4009 681 4081 quoe·
694 3987 949 4064 animatore,
969 3983 1053 4074 pti-
