2824 5084
328 415 367 436 ”
478 462 697 530 -255—

30 756 32 759 Ι
97 655 202 749 phus:
226 628 335 726 Plelo
357 665 391 725 el
404 657 615 726 Aristoteles
630 657 697 726 dno
715 658 1065 752 santantiquee,ono

14 773 16 796 '
97 803 184 850 vero
215 783 328 850 omnis·
355 779 611 874 philosophiae
645 779 904 880 fiendomenlo:
938 779 1064 849 horum

97 911 214 972 nutem
235 903 451 974 alterutrum
472 905 677 998 negligere,
700 903 880 984 idemest,
894 901 1063 996 oonegh'·

93 1053 183 1123 gere
207 1028 265 1097 nel
285 1013 443 1097 animem
465 1027 523 1096 oel
545 1050 675 1120 eorpus
691 1027 948 1122 philosophiae
968 1022 982 1120 (
1005 1023 1030 1119 )

525 1249 633 1260 -ιι

144 1391 199 1461 Sic
228 1414 283 1461 me
306 1391 453 1462 seribere
478 1392 523 1461 de
546 1392 694 1462 Platonis
720 1405 754 1462 et
779 1393 969 1462 Aristotelis
991 1391 1065 1487 phi-

72 1514 260 1610 losophia,
278 1514 391 1610 deque
411 1517 592 1587 criticismo
610 1517 653 1586 ad
664 1515 728 1587 Vos
742 1517 896 1611 juvabat,
912 1517 1067 1587 imovero

95 1637 253 1728 decebat,
273 1637 422 1729 Sodales,
443 1640 502 1732 qui
514 1640 700 1709 instaurare
722 1640 758 1706 in
776 1638 912 1709 Francia
933 1651 967 1709 et
989 1662 1067 1709 vero

19 1851 29 1866 ¹
95 1782 157 1863 per
186 1759 353 1854 Europam
381 1783 568 1854 propagare
593 1760 800 1830 verissimam
818 1758 1067 1855 philosophiam
1169 1814 1172 1820 ,

94 1882 228 1953 dudum
259 1884 490 1955 contendistis.
550 1884 590 1954 ln
622 1907 691 1978 quo
708 1906 822 1979 ¹opere
855 1906 936 1954 sane
965 1907 1068 1976 quam

95 2007 263 2096 maximo,
290 2029 344 2076 me
360 2004 501 2100 'quidem
524 2019 681 2102 cooptare
703 2005 859 2078 laborum
883 2005 1013 2076 socium
1033 2017 1068 2073 et

94 2127 286 2222 adjutorem
303 2128 477 2200 voluistis:
496 2131 699 2223 ego'autem,
709 2129 883 2200 tenuitatis
893 2128 966 2221 ipse
975 2149 1068 2196 meae

94 2253 267 2337 conscius,
299 2249 406 2317 studii
430 2251 532 2318 Vobis
565 2251 738 2340 multum,
771 2275 893 2345 parum
910 2273 990 2320 vero
1011 2247 1067 2318 ad-

90 2369 241 2464 jumenti
258 2367 409 2462 promisi.
460 2367 588 2453 Quodsi
609 2370 644 2437 in
663 2369 727 2438 hoe
747 2363 886 2456 libello,
909 2394 980 2462 quo
998 2371 1069 2442 dis-

5 2567 8 2574 ,
97 2491 253 2582 tinguere
286 2513 306 2558 a
334 2510 371 2558 se
401 2489 544 2559 invicem
565 2500 599 2558 et
619 2487 771 2560 conferre
789 2489 959 2584 principes
985 2493 1068 2559 anti-

96 2612 238 2708 quitatis
273 2610 450 2704 omnisque
478 2611 551 2680 aevi
579 2609 818 2706 philosophos,
840 2610 1014 2682 Platonem
1033 2625 1068 2682 et

98 2732 326 2822 Aristotelem,
345 2745 483 2804 conatus
497 2757 586 2824 sum,
606 2733 756 2804 criticam
774 2733 984 2826 diligentiam
1000 2758 1069 2806 non

97 2857 234 2928 omnino
257 2855 546 2945 desideraveritis,
586 2855 756 2928 habebitis
782 2880 883 2946 sane,
915 2855 1009 2950 quod
1033 2869 1069 2927 et

98 2979 227 3074 patriae
253 3001 348 3048 meae
373 2990 408 3048 et
444 2960 666 3074 disciplinae,
699 3003 767 3074 qua
796 3003 878 3050 usus
899 3001 919 3046 a
944 2981 1068 3052 teneris

98 3126 187 3192 sum,
217 3113 351 3195 gratum
380 3113 625 3196 aeoeptvunque
650 3099 812 3182 reseratis.
863 3101 954 3172 Haec
977 3102 1069 3172 enim

99 3224 192 3320 apud
221 3247 282 3295 nos
313 3247 468 3319 semper,
500 3223 536 3292 in
560 3223 747 3318 primisque
769 3249 788 3294 a
811 3224 936 3294 Tiberii
962 3226 1068 3294 nostri

99 3346 346 3418 Hemsterhusii
362 3358 484 3436 aetate,
501 3345 660 3418 solem'nis
680 3370 743 3416 vox
754 3347 926 3417 fuit:sine
938 3352 1071 3420 critica
1160 3338 1169 3350 ’

100 3495 170 3539 non
192 3481 262 3559 est,
285 3473 347 3566 qni
362 3458 524 3566 perfecte
546 3473 670 3565 sapiet
692 3471 769 3540 allo
791 3475 833 3540 in
853 3481 945 3542 orte.
1060 3548 1078 3575 ..

29 3798 34 3807 .
136 3740 172 3808 (Ἴ
188 3739 245 3789 vid.
262 3741 348 3788 Consin
361 3775 368 3804 ,
383 3741 412 3790 clo
429 3743 455 3790 lo
470 3739 605 3805 mitophys.
624 3737 765 3812 d'lrialoto.
783 3737 846 3789 ras.
863 3757 886 3804 p.
904 3741 924 3788 l.

523 3937 636 3962 ἢν*
649 3952 655 3956 -
