2828 5098
483 431 680 504 ...ει-

103 626 190 722 quod
218 629 340 698 caeteri
358 613 520 720 ,agebant
543 641 643 700 esset:
665 650 734 700 non
756 628 927 720 videbant,
952 645 1063 704 vatem

101 751 195 820 illum
217 749 453 846 philosophiae
472 775 577 822 norae
598 775 684 842 esse,
706 775 805 846 quae,
827 756 978 846 quamvis
997 777 1065 826 uon

100 875 258 946 contiuuo
286 873 458 944 rideretur
491 875 617 944 civitati
648 873 808 969 prodesse
828 885 931 969 atque
959 875 1066 948 abusu

99 996 182 1066 adeo
213 1007 345 1066 noceret
379 1011 508 1090 reapse,
533 1021 600 1066 una
621 1008 709 1067 esset
730 1007 810 1091 apta
831 995 1066 1091 destinetaque

98 1117 140 1186 ad
170 1120 295 1188 civium
326 1116 570 1190 humanitatem
599 1118 865 1213 provehendam:
885 1121 934 1190 sic
955 1132 1069 1190 autem

97 1239 278 1334 aliquando
309 1239 502 1310 civitatibus
542 1264 610 1310 non
641 1243 766 1330 minus,
794 1265 897 1336 quam
920 1242 1069 1336 singula-

97 1363 192 1432 ribus
215 1361 409 1456 quibusque
430 1361 625 1434 hominibus
646 1363 806 1460 prodesse
828 1363 979 1436 deberet.
1006 1364 1069 1436 La-

99 1485 214 1554 tebant
236 1483 319 1554 haec
340 1483 599 1579 Aristophanem
620 1498 653 1555 et
672 1488 826 1582 aequales
849 1510 1069 1584 omnempos-

98 1608 186 1678 terisw
206 1606 345 1678 demum
379 1619 575 1700 patuerunt,
609 1634 717 1702 quum
751 1612 787 1680 in
809 1609 932 1682 scholis
953 1612 1071 1682 Socra·

99 1729 242 1800 ticorum
272 1729 319 1798 de
348 1729 418 1798 vital
453 1741 487 1798 et
524 1730 689 1818 moribus,
723 1731 893 1824 rebusque
915 1733 1013 1802 honis
1035 1744 1071 1802 et

97 1851 192 1922 malis
214 1863 444 1946 quaereretur,
465 1853 663 1945 praesertim
684 1875 775 1941 vero,
799 1877 906 1948 quum
924 1852 1007 1923 haec
1019 1854 1073 1946 ip-

96 1998 130 2044 sa
152 1973 382 2071 philosophia,
405 1987 444 2045 ut
467 1999 573 2070 supra
594 1975 869 2068 significavimus,
887 1975 956 2046 rim
968 1973 1073 2046 hahe-

97 2109 146 2167 ret
177 2099 216 2166 in
248 2098 476 2192 eloquentiam
507 2121 546 2168 ac
582 2099 756 2192 politicam
773 2110 877 2194 atque
894 2109 1074 2194 utramque

97 2217 183 2298 hano
208 2221 314 2290 veluti
335 2223 482 2291 animare
506 2223 689 2316 coepisset,
710 2222 798 2294 illud
821 2221 897 2294 dico
918 2234 1074 2316 tempus,

97 2367 166 2438 quo
202 2345 347 2437 primam
382 2344 632 2438 Pltil-r‘ppiccm
666 2345 800 2416 dicebat
820 2345 1071 2418 Demosthenes.

96 2466 189 2536 Tum
207 2467 319 2560 patuit
340 2467 495 2554 maxime,
518 2476 646 2560 quanto
665 2477 743 2560 post
754 2489 789 2535 se
800 2467 978 2539 intervallo
987 2467 1075 2540 Aris·

98 2587 284 2684 tophanem
307 2587 460 2660 Socrates
480 2601 516 2658 et
535 2588 632 2658 Plato
653 2587 879 2682 reliquissent.
962 2620 966 2626 ·

561 2813 614 2883 vr.

471 2969 712 3062 sommas,

277 3151 501 3199 rmuosorurru
527 3153 607 3198 aruo
632 3151 840 3200 arurrrsrsus
865 3149 906 3198 ur

387 3247 392 3253 ‘
436 3274 610 3321 ercraronrs
633 3275 742 3322 viras.

157 3435 249 3506 Haec
266 3437 309 3506 de
320 3435 585 3532 Aristophaneis,
598 3462 682 3534 quas
702 3439 952 3533 proposuimus,
964 3461 1080 3532 quaes-

107 3558 259 3628 tionibus
282 3559 464 3630 sufficiant.
515 3562 639 3632 Verum
657 3585 730 3650 nos,
755 3573 794 3631 ut
816 3586 918 3656 supra
940 3585 1081 3656 cognos·
1133 3603 1138 3608 1

109 3703 184 3750 cere
205 3681 348 3752 interius
373 3683 559 3786 Socratem,
583 3707 730 3778 eumque
755 3684 927 3778 explorare
953 3696 1082 3768 totum,

110 3803 220 3898 qualis
247 3803 362 3874 indole
395 3807 596 3902 ingenioque
633 3807 755 3896 fuerit,
789 3805 996 3894 studuimus,
1035 3805 1083 3872 ita

110 3950 202 3998 nunc
221 3929 333 3998 virum
352 3929 449 4000 nobis
469 3941 635 4022 agentem,
656 3929 942 4024 quemadmodum
965 3927 1082 3996 inme-

915 4047 939 4116 6
1036 4067 1038 4070 ,
