2828 5098
351 469 354 481 ¹
494 521 712 592 *lte-

116 721 288 815 explorare
309 719 453 786 interius
470 729 545 786 tum
564 719 677 812 ipsum
699 721 890 792 Aristotelia
900 726 1084 816 ingenium,

114 855 189 912 tum
207 840 517 930 celebratissimam,
532 865 642 935 ,quam
662 840 722 912 ille
738 845 872 939 peperit
883 846 1085 942 scriptisque
1186 871 1188 880 ’

112 965 311 1060 propagarit
341 965 423 1053 suis,
457 963 718 1060 philosophandi
748 967 930 1038 rationem:
956 956 1085 1065 quippe

111 1111 181 1181 quo
204 1086 289 1156 nihil
309 1087 414 1179 inagis
425 1085 470 1154 ad
482 1099 597 1156 nostra
607 1087 753 1181 regenda
762 1087 998 1186 philosophiae
1009 1103 1085 1162 stu·

110 1209 166 1278 dia
195 1208 294 1279 valet.
344 1207 564 1278 instituemus
586 1207 624 1276 id
646 1221 782 1300 autem,
801 1210 925 1302 credo,
953 1211 1018 1284 hoc
1047 1215 1083 1282 in

110 1333 226 1428 primis
250 1331 325 1402 loco
349 1343 553 1426 opportune,
565 1344 747 1426 postquam
757 1332 994 1429 philosophiae
1005 1335 1082 1406 Pla·

111 1457 263 1546 tonicae,
286 1477 390 1548 quam
410 1453 582 1547 negligere
608 1454 730 1545 nobis,
753 1458 907 1550 quamvis
924 1458 962 1526 in
983 1457 1082 1530 Aris·-

112 1577 251 1650 totelem
273 1578 396 1647 natura
415 1579 544 1671 pronis,
568 1601 638 1648 non
659 1577 753 1668 licet,
774 1579 999 1652 characterem
1007 1594 1083 1654 stu·

111 1702 249 1785 duimus
273 1701 473 1794 exprimere.
524 1697 596 1792 Age
616 1700 740 1792 igitur,
759 1681 882 1773 tertius
905 1705 950 1773 sit
972 1704 1102 1794 nobis,-

111 1828 145 1896 in
167 1825 234 1896 hoc
254 1823 466 1895 nobilissimo
489 1821 780 1916 celeberrimaque
801 1823 1082 1920 philosophorum
1122 1907 1126 1918 ‚

112 1948 338 2038 triumviratu,
359 1941 559 2016 Aristoteles
584 1943 598 2040 (
621 1941 647 2039 ).

552 2159 646 2172 ‘-

160 2318 236 2387 Non
269 2317 414 2410 perfecit
443 2313 720 2409 ‚philosophando
748 2313 971 2403 Aristoteles,
990 2315 1084 2410 quod

110 2441 182 2508 sive
204 2437 368 2526 socrates,
387 2437 458 2506 sive
475 2435 570 2505 Plato
589 2433 816 2522 inchoaverat,
828 2435 889 2503 sed
900 2435 1000 2505 aliam
1011 2437 1085 2532 ipse

111 2561 282 2654 longeque
301 2559 345 2629 ab
366 2558 419 2629 his
436 2557 605 2628 diversam
618 2556 661 2626 ad
674 2555 985 2651 philosophandum
995 2559 1085 2627 viem

112 2683 199 2751 iniit.
249 2682 354 2752 Natus
383 2693 492 2776 patre,
522 2681 646 2774 quiin
667 2679 874 2750 Macedonici
894 2679 983 2772 regis
1007 2679 1085 2748 aula

113 2803 314 2876 medicinam
334 2803 521 2892 factitabat,
545 2815 698 2874 atencra
721 2804 794 2897 ipse
820 2813 931 2872 aetate
953 2801 997 2871 ad
1020 2825 1085 2872 na-

113 2927 209 2998 tmae
241 2929 511 3024 observationem
546 2924 714 2998 adductus
747 2936 820 3013 est,
854 2928 952 3018 cujus
970 2924 1085 2996 studio

113 3062 304 3148 constanter
331 3072 368 3120 se
390 3047 498 3130 dedit.
549 3046 626 3117 Erat
648 3059 764 3116 autem
787 3045 818 3114 ei
841 3045 1009 3117 excellens
1031 3047 1085 3114 in-

73 3165 77 3179 “
113 3175 268 3267 genium,
288 3197 377 3262 non,
398 3184 439 3242 ut
458 3170 603 3259 Platoni,
620 3170 808 3263 poeticum,
831 3166 892 3237 sed
914 3189 1002 3257 acre,
1023 3168 1084 3238 sed
1188 3255 1191 3262 Ι

112 3337 324 3348 ηιιι-ι--α--ι-

145 3417 180 3487 (*)
197 3419 230 3468 tu
244 3419 363 3480 Platonis,
382 3419 416 3467 ita
433 3416 567 3466 Aristotelis
584 3416 655 3464 etiam
671 3413 715 3463 liae
731 3425 808 3464 aetate
825 3415 963 3464 acerrimum
980 3411 1103 3478 studium,

112 3521 153 3560 ast.
173 3511 238 3574 Quae
254 3511 392 3576 prodierunt
410 3508 438 3558 de
456 3527 483 3558 eo
500 3511 526 3558 in
543 3507 621 3578 (tallia
639 3517 663 3555 et
680 3508 802 3556 Germania
810 3509 905 3572 scripta,
915 3523 957 3554 uos
968 3505 1022 3554 data
1032 3502 1089 3552 sub·

111 3602 164 3652 inde
182 3604 357 3668 opportunitate
375 3600 545 3650 annotabimus.
580 3601 624 3650 llic
642 3614 793 3648 memoramus
810 3597 936 3648 doctissimi
951 3599 1008 3663 viri,
1021 3596 1087 3644 Bos»

111 3695 217 3758 tltdlemy
244 3697 283 3743 st.
309 3694 411 3742 Hilas're
438 3687 567 3742 consilium'
585 3692 692 3741 Franeiee
719 3679 826 3738 vertendi
849 3691 999 3740 Aristotelis:
1022 3687 1086 3755 quod

112 3789 198 3853 partim
219 3789 269 3851 jam
294 3787 394 3852 perfecit
419 3784 490 3834 editis
505 3787 631 3834 Politicis.
665 3783 744 3832 Vertit
762 3785 895 3848 nuperrime
911 3783 1087 3848 Matophyse'eu

113 3878 141 3928 cl.
162 3882 282 3946 Utamur,
296 3877 415 3944 praeclaro
432 3876 461 3926 de
478 3875 603 3926 Aristotele
621 3874 716 3924 exordio
730 3879 863 3941 praemisso.
881 3877 910 3926 V.
920 3874 1000 3923 Barth.
1010 3875 1045 3920 St.
1055 3871 1086 3918 li.

116 3973 224 4022 Oeuarss
240 3969 381 4022 damiate.
402 3951 477 4018 isat.
494 3973 511 4016 2
528 3967 583 4017 voll.
602 3969 699 4034 Cousin,
719 3967 748 4016 de
762 3971 786 4017 lo
796 3967 980 4034 mltuplryaa‘que
990 3961 1087 4011 d'Ars's-

116 4071 169 4114 tote.
187 4062 229 4112 Ed.
246 4063 280 4112 ll.
300 4063 365 4140 Paris
382 4061 457 4110 18³8.
1138 4059 1145 4074 ⁸
