2836 5080
485 479 684 552 ...75-

108 673 321 767 quamobrem
354 673 542 747 diuidendo
571 679 642 748 viro
665 673 919 748 delectabuntur
940 681 1064 751 suavis·

107 798 195 867 sime.
246 797 315 870 Sed
334 822 395 868 nos
417 799 460 868 ad
482 799 741 896 Aristophanem
768 800 956 872 redeamus.

485 1009 487 1014 ’
554 1057 609 1128 1v.

212 1226 388 1320 Quatenus
412 1227 487 1297 diei
509 1225 772 1324 Aristophanes
793 1226 960 1300 Socratis

270 1370 305 1430 et
324 1357 491 1430 Platonis
508 1363 730 1457 prodromus
747 1362 893 1458 potest?

148 1529 223 1600 Fuit
238 1531 356 1601 comici
377 1532 413 1599 in
434 1529 599 1603 Nubibus
617 1533 880 1623 conscribendis,
903 1545 943 1604 ut
964 1533 1065 1605 modo

104 1651 257 1742 diximus,
280 1651 491 1748 praeclarum
516 1655 741 1750 propositum:
761 1655 852 1725 idem
874 1654 940 1726 suit
967 1656 1063 1746 adeo,

104 1773 190 1866 quod
214 1776 289 1870 ipse
309 1775 461 1846 Socrates
482 1787 518 1844 et
540 1787 623 1847 tunc
643 1799 759 1846 secum
771 1777 927 1848 volvebat
939 1791 973 1848 et
985 1804 1064 1874 pos-

103 1909 152 1992 tea
173 1897 328 1992 perfecit.
354 1897 506 1992 Uterque
527 1878 689 1993 prodesse
710 1899 839 1968 noviter
862 1899 992 1993 populo
1003 1923 1064 1969 suo

102 2018 268 2090 studebat.
317 2017 541 2091 Attendamus
563 2021 600 2090 id
624 2021 717 2117 quod
736 2026 846 2116 justa
868 2019 962 2116 apud
982 2023 1065 2117 poii·

101 2154 166 2212 tem
190 2146 308 2215 oratio
330 2143 547 2238 pronunciat:
1116 2149 1119 2154 '

424 2377 429 2380 .
478 2311 557 2387 ἀλλ’
583 2304 636 2386 οὖν
657 2305 755 2386 ταῦτ’
778 2311 843 2400 isio
865 2309 990 2404 bustis,

99 2429 134 2524 ἐξ
160 2426 341 2527 (Ἑν-ἄνδρας
363 2428 679 2530 Μαραθωνομάχσυς
706 2435 723 2520 ἡ
746 2436 799 2527 ’μὴ
820 2431 991 2514 παίδευσις
1049 2461 1052 2468 ·

782 2567 786 2576 ’
862 2551 976 2650 ’ἔθρεψε
994 2553 1064 2651 (*)3

97 2751 193 2839 item,
227 2748 321 2842 quod
357 2747 479 2820 chorus
510 2747 718 2820 solemnibus
736 2748 848 2820 verbis
871 2748 1064 2844 profitetur.

103 2871 188 2945 Haeo
207 2893 245 2942 se
269 2870 455 2966 spectanda
477 2871 624 2967 dedisse,
649 2873 709 2962 eit,
734 2883 774 2944 nt
797 2871 905 2944 ducet
917 2874 1064 2968 quisque

101 2993 185 3068 Deos
209 2997 372 3068 revereri:

192 3165 280 3245 ’ὅπως
305 3164 345 3240 bv
370 3159 436 3261 εἰδῇ
461 3171 536 3242 τοῦς
562 3159 648 3242 θεοὺς
673 3158 847 3236 δεδοικέναι
870 3159 942 3257 (†)
1025 3159 1027 3166 ’

147 3362 184 3434 ld
217 3359 332 3432 autem
357 3358 650 3456 operaepretium
675 3368 726 3428 est
750 3358 787 3428 in
810 3355 911 3428 dictis
934 3358 1064 3451 praesi-

100 3509 166 3582 pue
200 3491 334 3582 podiae,
362 3485 423 3557 ubi
455 3485 518 3556 sub
542 3484 617 3579 ipse
640 3481 783 3578 persond
803 3480 968 3576 loquitur,
991 3483 1064 3584 eni-

101 3608 320 3680 madvertere.
370 3607 409 3678 In
445 3591 734 3678 Aeburoensibics
757 3601 945 3698 apologiam
966 3602 1061 3676 dicit.

97 3730 336 3826 insimulatus,
367 3729 496 3824 inquit,
527 3728 571 3798 ab
593 3725 857 3798 Atheniensibus
882 3725 1065 3826 ταχυβού-

135 4001 167 4068 (Ἶ
184 4003 251 4052 Nub.
267 4017 300 4052 vs.
318 4003 378 4052 986.
446 3997 486 4066 (†)
504 3995 566 4048 lbid.
584 4011 618 4046 vs.
638 3997 712 4047 1400.
732 3996 769 4046 Cf.
788 4011 821 4044 vs.
841 3995 917 4042 1024.
