2824 5084
101 686 175 734 cam
195 662 405 754 ingressum,
423 671 538 730 toneat
552 671 845 756 persequutusque
865 675 1071 735 constanter.

101 784 169 856 Sed
191 781 309 852 eadem
332 779 569 877 philosophia,
592 783 745 878 quamvis
773 781 936 876 elegans,
951 809 1072 878 quam*

100 909 153 980 vis
183 928 252 976 non
274 905 388 974 minus
416 926 454 974 se
473 904 661 993 modestid,
685 929 788 1005 quam
808 903 1007 976 efficacitate
1028 907 1071 976 ad

103 1025 332 1129 perquirenda
358 1027 470 1098 omnia
498 1049 535 1098 se
563 1026 826 1119 commendans,
858 1039 973 1098 tamen
1003 1053 1073 1100 non

103 1150 230 1222 sufficit
252 1148 369 1224 nobis.
420 1148 585 1220 Extemus
617 1151 715 1222 nobis
745 1147 894 1222 mundus
916 1151 986 1222 no'n
1008 1152 1074 1222 rni-

103 1297 193 1364 nus,
216 1267 321 1366 quam
342 1272 496 1344 internus
515 1272 770 1366 cognoscendus
792 1285 856 1344 est.
905 1273 982 1345 Nati
1004 1299 1073 1346 non

103 1397 215 1483 solum
248 1395 293 1474 ad
321 1407 453 1468 nosmet
487 1397 578 1491 ipsos
610 1396 852 1492 explorandos,
885 1397 946 1470 sed
980 1377 1073 1494 pari-'-

104 1534 157 1592 ter
177 1518 338 1592 etiamad
359 1541 474 1591 rerum
493 1531 650 1590 naturam
666 1519 933 1614 cognoscendam
943 1529 1074 1594 sumus.

109 1644 174 1718 Os¹
197 1645 334 1716 homini
355 1644 503 1714 sublime
524 1626 643 1733 dedit,
675 1655 715 1714 ut
737 1645 784 1713 ait
806 1649 934 1738 poeta,
972 1657 1075 1718 natu-

104 1791 166 1856 ra,
192 1766 389 1862 coelumque
421 1767 519 1836 aaut
538 1787 599 1836 nos
634 1764 756 1858 jussit,
790 1775 826 1836 at
856 1778 990 1838 erectos
1026 1771 1077 1838 ad
1163 1778 1166 1782 ’

105 1889 230 1960 sidera
253 1889 379 1960 tollere
400 1889 531 1962 voltur.
581 1886 669 1960 llluc
696 1899 810 1958 autent
840 1912 922 1980 nos,
952 1902 993 1959 ut
1018 1891 1075 1960 vi-
1145 1985 1148 1991 Ι

102 2012 237 2103 diuam,
260 2008 451 2082 Aristotelis
471 2009 707 2106 philosophia,
725 2034 794 2082 non
811 2011 973 2102 Plutonia,
995 2035 1076 2084 cnm

45 2119 47 2126 '
105 2134 270 2207 convertit
290 2133 403 2224 totos,
426 2145 502 2204 tum
521 2144 603 2228 apta
625 2131 777 2204 adducit.
827 2134 957 2223 Quodsi
980 2132 1076 2206 Artu-

104 2257 219 2330 totelis
249 2257 456 2346 omninoque
472 2253 698 2330 Alexandrina
729 2269 820 2329 aetas
849 2258 953 2329 talem
979 2257 1076 2330 dosi-

104 2378 238 2450 deravit
270 2359 553 2470 philosophiam,
576 2375 688 2444 multo
723 2379 829 2468 magis
866 2381 969 2448 etiam
992 2380 1077 2454 haee

105 2511 221 2574 nostra
245 2509 334 2568 aetas
355 2493 537 2594 desiderat.
575 2494 675 2574 ,Tum
693 2495 854 2589 quidem,
878 2511 995 2592 aperto
1013 2524 1077 2600 per
1105 2483 1107 2488 ¹

105 2620 292 2698 Menandri
314 2617 470 2690 victorias
493 2616 641 2708 oriente,
665 2641 786 2712 magna
807 2625 888 2692 san'e
905 2619 996 2693 orbis
1008 2633 1079 2692 ter-

10 2721 12 2726 Ι
107 2765 236 2818 rarum
265 2765 344 2839 pars
378 2765 459 2812 oum
499 2739 720 2836 physicorum
750 2743 909 2814 movebat
941 2743 1079 2836 studia,

107 2885 183 2942 tum
223 2863 509 2962 geographorum,
551 2875 627 2934 turn
665 2877 958 2959 astronomorum,
1004 2880 1080 2939 tum

108 3015 188 3064 vcro
215 2991 318 3060 etiam
340 2987 598 3060 historicorum:
620 3010 707 3081 quae
728 2986 842 3058 studia
863 2989 944 3083 apta
963 2989 1081 3084 inqui-

108 3112 209 3184 rendi
234 3090 516 3202 discernendique
543 3117 578 3176 et
593 3107 762 3200 Jungendi
780 3107 911 3178 ratione
931 3108 1082 3180 modain·
1128 3124 1129 3128 ’

107 3248 243 3308 renutu.
292 3233 390 3304 Nuno
409 3231 462 3302 his
481 3231 587 3326 ipsis,
610 3230 737 3324 quihus
759 3254 821 3324 nos
830 3232 988 3323 vivimus,
1000 3244 1083 3304 tem-

112 3357 277 3454 poribus,
300 3378 370 3426 non
391 3375 471 3448 pars
492 3351 603 3424 solum
621 3351 729 3443 orbis,
751 3352 812 3424 sed
825 3353 980 3426 universa
998 3355 1084 3428 adeo
1117 3361 1138 3432 '.

37 3531 39 3539 -
113 3479 218 3550 tellus
249 3477 404 3573 cognosci
439 3475 544 3564 nobis¹
562 3477 692 3572 coepit,
715 3478 869 3570 cognosci
891 3476 990 3550 nohis
1007 3499 1085 3550 coe·
1160 3487 1165 3499 '

114 3604 201 3692 lum,
220 3626 288 3696 qua
309 3601 378 3703 late
400 3611 508 3694 patet,
527 3599 651 3694 eoepit,
666 3599 854 3670 asoleinde
865 3599 1084 3672 adextremas

116 3729 260 3822 hujusce
294 3725 375 3796 astri
407 3723 514 3794 nostri
542 3723 789 3794 circumeuntes
811 3723 984 3818 planetas:
1006 3749 1085 3818 cog·

118 3852 212 3924 nosci
240 3849 340 3922 nobis
353 3869 469 3942 genus
492 3847 576 3918 adeo
599 3846 785 3918 humanum
803 3847 936 3944 eoepit,
960 3873 1029 3920 non
1052 3849 1089 3916 in

120 3975 274 4071 partibus
302 3969 508 4068 quibusdam
531 3969 706 4066 Europae,
729 3969 840 4062 Asiae,
863 3970 1007 4061 Africae,
1030 3970 1089 4042 sed
