2824 5084
662 1130 956 1234 raraoscrauu

441 1357 707 1430 raarouicia
730 1358 784 1428 ar
798 1317 1161 1442 ,acis'rcraaicia‘

670 1551 911 1616 CONNJNOE'IO.

355 1797 501 1869 Difficile
534 1797 600 1869 hoc
625 1801 660 1867 iu
684 1787 803 1892 priuiis
827 1808 1066 1890 argumentum
1090 1817 1183 1886 esse,
1210 1797 1284 1892 phi-

305 1921 479 2018 losophice
509 1921 650 1992 historia
681 1920 936 1992 demonstrarit.
986 1919 1071 1990 Nam
1102 1917 1148 1990 dc
1173 1921 1280 1990 conu-

305 2045 427 2138 liapdis
452 2067 567 2115 secum
592 2045 737 2114 invicem
761 2043 900 2114 Platone
924 2055 960 2113 et
979 2041 1163 2114 Aristotele
1184 2041 1280 2112 nulla

305 2191 374 2237 nou
404 2177 534 2254 aetate,
562 2165 657 2258 apud
686 2167 777 2258 ipsos
792 2165 879 2236 adeo
902 2167 1092 2260 antiquitus
1112 2165 1282 2255 Graecos,

172 2342 178 2348 .
306 2311 414 2383 quum
434 2286 595 2385 eclectica
613 2287 809 2358 invaluisset
828 2287 1066 2383 philosophia,
1090 2287 1152 2358 sed
1177 2312 1280 2384 prac-

306 2411 422 2483 su'tim
439 2408 534 2506 apud
552 2411 755 2483 recentiores
767 2423 897 2505 gentes,
917 2412 1131 2506 gravissimae
1141 2410 1283 2484 hieruut

305 2532 588 2645 Philosophorum
608 2533 853 2605 contentiones.
882 2531 1069 2604 Voluerunt
1084 2533 1149 2605 hae
1165 2544 1282 2605 autem
1404 2532 1405 2568 ³

306 2659 412 2752 ¹¹¹³ng
434 2657 478 2727 ad
501 2656 754 2751 impediendam
774 2655 1101 2752 obscurandamque,
1120 2680 1222 2752 quam
1234 2657 1280 2726 ad
1399 2734 1404 2751 Ι

307 2777 542 2874 explicandam
562 2771 748 2871 utriusque
763 2775 1027 2874 philosophiam.
1056 2779 1161 2874 Cujus
1179 2779 1230 2848 rei
1250 2780 1281 2850 si

307 2923 439 2974 caussas
463 2901 679 2996 quaerimus,
712 2899 872 2996 princeps
898 2903 1051 2998 omnium
1074 2889 1178 2974 liiisse
1197 2901 1285 2974 haec
1401 2905 1405 2952 ἵ

305 3023 461 3114 videtur,
480 3022 575 3118 quod
592 3045 655 3092 uos
679 3020 856 3118 Europaei,
881 3035 923 3094 ut
943 3028 1016 3119 jam
1024 3023 1206 3118 aliquoties
1218 3026 1286 3118 sig-

306 3145 453 3236 uilicavi,
466 3146 598 3216 cature
614 3143 819 3240 ingenioque
830 3145 936 3239 magis
948 3145 1285 3242 Aristotelici,quam

308 3267 471 3338 Platonici
490 3290 632 3353 sumus,
659 3267 892 3360 quamobrem,
909 3279 951 3338 ut
967 3265 1186 3339 Aristotelem
1206 3293 1285 3339 am-

252 3473 256 3482 ·
307 3389 490 3487 plectimur
509 3387 619 3477 facile,
639 3388 686 3458 ita
697 3389 830 3491 assequi
841 3387 1019 3460 Platonem
1029 3413 1180 3486 cumque
1190 3405 1287 3464 recte

307 3536 387 3586 cum
406 3510 539 3582 aemrrlc
562 3533 779 3605 comparare,
801 3493 953 3582 suminae
974 3512 1072 3584 uobis
1092 3511 1286 3586 difficulta-

308 3637 351 3707 tis
369 3645 431 3704 est.
457 3632 608 3704 Accessit
626 3631 805 3704 hominum
825 3633 960 3724 vitium,
979 3657 1080 3730 aquo
1096 3659 1166 3707 non
1175 3639 1284 3731 magis

151 3803 154 3808 -
309 3776 426 3832 cavere
437 3753 662 3852 docti,quam
673 3755 957 3860 indocti,solent,
970 3769 1010 3828 ut
1022 3761 1284 3832 commiscerent

310 3877 625 3983 commiscendoque
641 3879 892 3974 perturbarent,
913 3903 1001 3974 quae
1011 3881 1163 3976 primum
1174 3907 1282 3978 quam

308 3986 562 4098 diligentissime
590 4001 802 4092 discernere,
835 4015 908 4072 turn
935 4027 1014 4073 rerc
1034 4003 1171 4076 undem
1190 4029 1283 4076 con·
