2836 5080
735 425 897 501 ..8,

325 621 439 718 1161111,
473 639 512 698 ut
543 629 693 722 primum
715 629 840 723 scripta
862 627 907 698 de
921 629 1062 700 Socrate
1076 643 1294 702 monumenta

325 777 404 824 eum
427 749 651 846 exploremus,
674 763 749 820 tum
768 749 1012 845 dijudicemus:
1030 753 1194 848 inprimis
1206 752 1294 824 Aris-

325 873 482 970 tophanis
507 870 650 962 Nubes,
670 871 905 968 Xenophontis
929 872 1205 966 Memorabilia,
1222 875 1294 946 Plu-

324 998 413 1067 tonis
445 991 639 1090 Dictoque:
675 994 799 1064 deinde
833 995 945 1090 ipsum
967 994 1143 1067 audiamus
1166 999 1292 1087 virum,

324 1120 385 1189 ubi
405 1103 548 1190 candide
573 1117 617 1186 de
640 1129 747 1186 semet
767 1117 841 1210 ipso
854 1115 1004 1209 judicat,
1026 1130 1101 1187 turn
1121 1142 1201 1190 vero
1218 1143 1292 1190 con·

323 1241 523 1330 sideremus,
554 1238 690 1334 qualem
719 1261 755 1308 se
774 1237 845 1327 ille,
865 1262 944 1308 cum
963 1240 1000 1308 in
1022 1241 1223 1332 gravissimis
1245 1243 1293 1312 ci-

323 1364 435 1434 vitatis
463 1384 543 1432 suae
574 1360 694 1448 rebus,
728 1371 804 1428 tum
832 1359 867 1427 in
890 1358 1030 1430 historiis
1059 1358 1293 1456 philosophiae

259 1473 260 1478 ¹
323 1486 541 1582 praestiterit.
591 1483 722 1574 Quibus
744 1483 950 1578 perspectio,
983 1483 1076 1554 haud
1096 1485 1143 1555 ita
1165 1497 1292 1556 temere

322 1608 421 1681 nohis
444 1606 600 1678 videmur
622 1606 666 1676 de
681 1606 821 1676 Socrate
841 1606 1074 1677 existimaturi.

730 1800 881 1824 non-¹-

418 1895 671 2040 ueoornou
699 1947 979 2022 1616011111
1001 1947 1193 2022 sennes.

765 2117 858 2130 Ἀ

502 2193 671 2266 Socrates
695 2198 794 2292 apud
817 2195 1108 2308 Aristophanem.

368 2341 407 2417 In
429 2341 595 2414 Nubibus
614 2343 836 2439 Strepsiades‚
856 2345 1003 2417 rusticus
1023 2345 1125 2419 homo
1142 2367 1182 2418 ac
1196 2371 1288 2442 pror-

319 2491 376 2540 sus
399 2465 561 2557 incultus,
583 2491 663 2538 cum
682 2480 823 2564 propter
844 2467 908 2539 filii
929 2493 1091 2565 expensas
1113 2493 1191 2541 6616
1212 2471 1290 2542 alie·

319 2613 364 2660 no
386 2589 529 2680 laboret,
548 2614 623 2678 neo,
640 2590 812 2683 quomodo
833 2613 869 2658 se
891 2592 998 2684 possit
1021 2615 1061 2661 ex
1082 2591 1134 2662 his
1146 2591 1290 2661 difficul-
1399 2581 1400 2630 3

319 2713 447 2784 tatibus
488 2711 660 2805 expedire,
688 2709 813 2798 videet,
844 2710 988 2781 Socratis
1023 2712 1094 2782 edit
1126 2711 1287 2785 scholam.
1399 2707 1400 2760 1

319 2835 383 2906 Hic
411 2856 491 2906 eum
510 2833 610 2903 docet
630 2833 802 2920 continuo,
824 2853 888 2903 nec
907 2832 1018 2903 Iovem
1041 2857 1114 2905 esse
1135 2859 1198 2906 nec
1219 2859 1289 2907 cae·
1399 2919 1400 2922 Ἴ

319 2969 421 3045 16101,
450 2955 511 3050 qui
533 2953 635 3048 vulgo
658 2953 829 3044 coluntur,
852 2954 961 3042 Deos3
985 2968 1125 3026 naturae
1142 2957 1288 3053 phaeno
1399 3015 1400 3046 3

318 3104 437 3168 mena,
457 3091 501 3148 :ut
523 3079 672 3166 tonitru,
696 3075 849 3167 fulmen,
872 3090 1012 3168 ventos,
1035 3080 1179 3175 pluvias,
1200 3103 1288 3174 quae
1399 3053 1400 3072 ¹

317 3201 371 3272 his
402 3201 622 3290 tribuuntur,
656 3221 696 3269 ex
722 3201 796 3294 ipsi
834 3223 949 3270 rerum
971 3204 1091 3271 nature
1114 3203 1285 3273 exsistere.

317 3321 629 3416 Quamobrem-pro
638 3321 710 3392 Diis
732 3320 805 3392 istis
815 3322 973 3392 colendus
984 3345 1057 3394 esse
1067 3324 1188 3414 nubes,
1200 3345 1287 3420 quae

317 3444 446 3538 quippe
490 3427 690 3538 praecipuae
723 3442 860 3515 illarum
892 3445 961 3515 sint
993 3468 1107 3515 rerum
1138 3470 1284 3518 caussae.

316 3567 424 3636 Senex
467 3566 609 3636 miretur
652 3565 774 3638 haecce
786 3619 796 3657 ,
830 3590 894 3639 nec
926 3567 1105 3662 intelligit:
1137 3570 1174 3640 id
1206 3593 1286 3641 vero

316 3712 423 3763 unum
444 3712 464 3758 6
486 3689 621 3760 Socrate
642 3691 782 3786 expetit,
805 3701 845 3760 ut
867 3701 973 3760 artem
995 3692 1060 3787 ipsi
1080 3690 1284 3786 tradatque
1398 3699 1399 3750 Ὗ

315 3812 444 3906 optime
465 3811 572 3905 possit
593 3811 777 3883 creditores
792 3811 926 3883 ¹fallere.
964 3812 1284 3885 Hancautemcum
1398 3833 1399 3854 ³

313 3933 386 4028 ipse
419 3958 487 4006 non
520 3934 637 4027 magis,
659 3959 762 4028 quem
783 3934 860 4006 illos
882 3935 927 4006 de
949 3936 1020 4006 Diis
1041 3959 1210 4006 sermones
1232 3961 1282 4008 06·
