2836 5080
717 525 912 596 ..56-

328 720 430 808 bunt,
451 715 762 814 παρωβλαςῆματα,
780 719 982 789 luxuriantis
1005 717 1131 810 ingenii
1149 731 1302 812 peccata,

328 863 417 936 quae
435 852 568 910 matura
589 842 861 912 aetatc‘correxit
882 839 952 938 (*);
977 839 1037 910 sed
1054 863 1201 935 quorum
1225 862 1302 910 res-

328 964 409 1056 tigia
447 963 483 1032 iu
515 965 608 1059 ipso,
643 977 682 1035 ut
719 965 785 1054 fit,
827 976 1086 1060 permanserunt
1122 976 1301 1058 perpetuo.

329 1084 420 1173 Quid
451 1084 587 1157 multa?
635 1088 825 1183 Xenophon
847 1087 892 1158 de
914 1089 1049 1160 Socrate
1072 1089 1232 1182 scripsit,
1261 1099 1302 1157 ut

329 1231 409 1279 eum
430 1207 628 1280 defenderet
648 1209 694 1280 ab
712 1210 982 1300 accusatoribus,
1005 1209 1217 1305 indulsitque
1237 1209 1303 1280 sihi

329 1332 366 1400 in
389 1331 514 1426 optimi.
531 1332 683 1424 magistri
703 1333 831 1402 virtute
852 1343 887 1402 et
909 1333 1074 1427 sapientia
1104 1331 1303 1426 praedican-

328 1452 391 1540 da,
416 1452 478 1523 sed
500 1453 616 1544 Plato,
639 1465 678 1524 ut
697 1455 844 1550 scriptor
864 1453 1088 1546 dramaticus,
1106 1458 1209 1548 'cujus
1230 1467 1304 1524 erat

329 1587 442 1646 totum
473 1575 573 1648 nobis
603 1575 777 1647 hominem
808 1575 1029 1667 adumbrare,
1058 1577 1160 1648 talem
1182 1579 1303 1672 expri-

329 1722 422 1768 mere
457 1698 667 1772 dramatibus
704 1702 774 1772 suis
804 1701 975 1772 Socratem
1006 1699 1158 1788 studuit,
1192 1700 1301 1794 qualis

328 1823 403 1916 ipse
422 1821 558 1914 indole,
580 1825 734 1918 ingenio,
757 1823 929 1914 moribus,
953 1821 1076 1916 agendi
1098 1822 1302 1917 dicendique

329 1945 575 2018 consuetudine
598 1945 720 2018 fuerat.
746 1945 786 2016 Et
807 1969 901 2035 vero,
925 1946 954 2015 si
976 1943 1061 2040 quid
1080 1943 1322 2034 vidc0,idem*

328 2066 388 2138 ille
417 2067 566 2140 Platonis
598 2069 769 2158 Socrates,
795 2065 1084 2162 quemadmodum
1105 2068 1190 2137 vivit
1210 2067 1302 2160 agit-

327 2212 396 2284 que
427 2190 520 2286 apud
551 2213 651 2282 eum,
675 2201 790 2261 tantas
820 2212 922 2283 agere
952 2191 987 2259 in
1010 2189 1244 2285 philosophia,
1266 2191 1302 2260 in

327 2312 401 2407 ipsa
433 2310 519 2382 adeo
550 2310 769 2384 humanitatis
803 2313 961 2403 historia,
995 2325 1130 2408 parteS,
1157 2325 1301 2408 quantas

327 2434 418 2527 egit,
466 2435 598 2529 potuit,
633 2435 899 2534 Xenophontem
934 2457 1014 2506 vero
1047 2435 1199 2506 Socrates
1233 2459 1302 2538 non

328 2558 480 2652 potuisse
501 2557 722 2657 videtur(†).
1227 2537 1230 2543 ¹

330 2719 333 2734 ·
374 2680 621 2772 Quamobrem,
668 2707 745 2753 cum
779 2685 892 2778 ipsum
926 2681 1075 2777 denique
1108 2683 1299 2771 Socratem,

325 2805 442 2900 prouti
477 2803 542 2873 fuit
580 2805 733 2898 egitque,
769 2803 947 2875 ostendere
970 2805 1154 2878 lectoribus
1176 2804 1300 2894 velim,
1401 2827 1402 2838 ¹

326 2925 491 3020 aptiorem
502 2925 583 2997 huic
593 2927 768 3023 scriptioni
779 2926 883 2997 finem
895 2929 1057 3024 inponere
1068 2952 1137 3000 non
1148 2951 1301 3022 possum,

327 3073 430 3143 quam
465 3047 656 3121 exhibenda
687 3048 798 3144 effigie
831 3051 913 3141 viri,
944 3075 1070 3146 quam,
1105 3049 1301 3121 excellentis
1400 3111 1401 3148 ,

326 3171 465 3266 pictoris
494 3172 619 3263 instar,
642 3173 679 3242 in
700 3172 843 3268 dialogis
865 3173 1081 3245 adumbravit
1103 3173 1211 3245 Plato.
1237 3173 1303 3243 Ex·
1400 3151 1401 3154 Ἴ

325 3304 393 3362 stat
415 3306 530 3366 autem
548 3295 607 3366 illa
630 3295 666 3364 in
687 3296 876 3392 Symposio
901 3297 1101 3392 praecipue,
1123 3295 1302 3368 nobilissi-
1399 3341 1400 3396 3

361 3523 400 3599 (¹)
418 3532 500 3600 wyc.
523 3531 583 3582 Vua
604 3535 704 3584 anana.
723 3535 783 3584 aso.
879 3521 880 3534 ¹

359 3622 399 3690 st)
414 3624 452 3674 Sic
467 3623 537 3674 hodie
558 3623 612 3674 aliis
629 3623 721 3692 placere
742 3625 864 3690 intelligo.
899 3627 927 3676 V.
944 3625 1057 3689 litandis,
1072 3628 1239 3675 Grundlinion
1259 3627 1303 3673 dar
1398 3629 1399 3642 ³

273 3752 280 3760 .
324 3716 883 3767 LotrsdcsSocrotcs.Rhein.1us.Vol.1.
912 3718 1002 3767 Dissen.
1025 3721 1063 3768 Do
1078 3719 1239 3785 philosophia
1254 3733 1303 3764 mo·

324 3809 412 3860 ratiin
420 3809 531 3875 Xenopt.
543 3810 573 3859 de
582 3809 683 3860 Socrate
695 3812 883 3860 commentariis.
892 3811 956 3860 Gau.
967 3811 1043 3859 reta.
1055 3811 1174 3875 wiggero,
1184 3811 1302 3859 Sokratus

325 3903 364 3950 uls
377 3901 496 3965 Maneat,
506 3903 603 3968 Brirqer
620 3903 673 3951 und
680 3903 826 3968 Ptimopt.
845 3899 987 3952 Ncustrclitn
1001 3904 1082 3965 1811,
1104 3902 1127 3950 S.
1141 3899 1224 3968 184.§
1242 3903 1302 3950 1⁰1.

325 3993 410 4058 Hegels
425 3993 519 4044 Werlra.
538 3993 581 4044 Th.
601 3994 664 4043 XIV.
683 3991 778 4059 §12⁴,
797 4009 853 4061 quos
868 3993 925 4044 citat
943 3993 1064 4060 Tholuck,
1084 3994 1126 4044 dio
1139 3995 1301 4044 Gloubroird.

324 4087 368 4134 der
388 4087 488 4153 Euang-
509 4087 597 4162 Garat.
614 4103 639 4152 p.
657 4079 718 4136 328.
885 4115 889 4130 ι
