2828 5098
500 439 683 510 „g5..

107 647 216 702 autem
250 635 425 722 vivebant,
460 649 499 705 ut
535 639 692 708 omnibus
715 637 758 705 ad
782 639 869 706 bene
891 638 1072 708 vivendum

98 757 292 856 praeceptis
325 757 546 852 moribusque
578 762 640 854 ipsi
670 761 739 830 suis
770 759 948 853 praeirent.
997 761 1073 856 Non

104 875 210 947 suncti
233 889 314 947 suut
336 901 556 973 magnopere,
577 905 688 975 neque
709 879 763 968 hi,
789 901 899 974 neque
921 881 981 974 qui
1002 872 1074 974 po's·

103 1011 155 1068 tea
195 1023 235 1069 ex
271 999 387 1070 eadem
422 1001 599 1096 disciplina
631 1005 833 1074 exstiterunt
858 1001 1074 1098 philosophi,

101 1121 312 1212 gravioribus
343 1123 378 1190 iu
407 1124 604 1218 republica
632 1125 852 1210 muneribus3
878 1145 941 1194 nec
963 1136 1074 1192 tamen

101 1237 285 1313 defuerunt
306 1244 436 1315 civibus
460 1247 542 1316 suis.
597 1247 642 1316 Eo
667 1245 916 1320 contenderunt
939 1267 1072 1334 omncs,

104 1378 158 1454 nt,
191 1367 252 1460 qui
284 1380 474 1462 praeessent
496 1371 713 1459 civitatibus,
737 1369 818 1440 boni
840 1367 962 1438 fierent
986 1369 1072 1458 viri,

103 1512 164 1558 nec
196 1490 307 1560 solum
337 1515 392 1561 eas
423 1492 628 1586 prudenter,
661 1491 723 1563 sed
755 1491 927 1562 etiamad
956 1513 1073 1586 prove·

92 1611 247 1694 ¹hundam
281 1616 406 1685 civium
430 1641 509 1686 cum
543 1614 752 1688 honestatem
780 1630 855 1686 tum
877 1615 1072 1686 felicitatem

104 1749 268 1830 regerent.
325 1737 401 1840 Quo
427 1721 578 1808 ‘maxime
608 1738 748 1810 consilio
774 1737 870 1807 Plato
898 1737 1074 1806 instituere

104 1863 388 1956 Syracusanorum
411 1887 524 1958 regem
546 1865 588 1934 ad
613 1877 704 1935 recte
724 1863 907 1933 vivendum
929 1861 1073 1939 studuit.

103 1985 169 2056 Nec
203 2009 283 2056 vero
316 1985 352 2056 id
376 1985 500 2057 frustra
523 2000 675 2082 egerunt.
698 2017 702 2026 ·
726 1987 874 2056 Platonis
898 1983 981 2054 haec
1010 1981 1076 2051 luit
1138 2011 1140 2016 ·

104 2107 365 2178 celebratissima
388 2134 468 2180 vox:
497 2112 572 2180 tum
598 2111 747 2205 denique
771 2107 842 2186 fore
866 2107 981 2178 beatas
1003 2127 1075 2175 res-

106 2231 278 2324 publicas,
316 2233 343 2300 si
375 2244 434 2300 aut
460 2231 552 2304 docti
583 2258 622 2304 ac
651 2235 818 2327 sapientes
846 2229 999 2301 homines
1020 2250 1075 2298 eas

97 2374 221 2445 regere
258 2353 467 2444 coepissent,
507 2366 575 2422 aut
606 2355 648 2441 ii,
683 2355 743 2447 qui
769 2365 946 2446 regerent,
977 2375 1076 2422 omne

104 2497 208 2542 suum
244 2471 396 2542 studium
431 2475 467 2542 iu
496 2473 648 2543 doctrina
683 2498 722 2543 ac
743 2476 905 2567 sapientia
928 2473 1077 2544 colloca·

105 2605 182 2663 rent
215 2591 298 2689 (*).
338 2594 447 2684 Quam
476 2598 677 2666 sententiam
709 2620 777 2666 nou
809 2596 941 2664 inanem
975 2595 1078 2665 fuisse

106 2714 295 2809 quandam,
327 2717 388 2786 sed
424 2719 653 2809 verissimam,
683 2741 750 2788 non
774 2716 898 2788 frustra
921 2716 957 2787 id
981 2740 1078 2812 spec-

111 2852 193 2908 tasse
220 2851 299 2932 post
325 2839 494 2910 Socratem
517 2853 551 2910 et
576 2842 750 2912 Platonem
774 2840 1014 2937 philosophos,
1038 2853 1077 2910 ut

108 2985 169 3056 ope
187 2960 422 3057 philosophiae
445 2963 560 3034 beatas
578 2965 747 3035 efficerent
769 2949 990 3058 respublicaS,
1009 2962 1077 3032 An-

108 3085 299 3154 toninorum
335 3086 471 3156 tandem
502 3111 622 3156 aevum
649 3087 893 3182 comprobavit.
956 3085 1076 3180 Exple-

107 3221 179 3278 tum
205 3210 252 3280 ita
286 3233 360 3280 sero
392 3210 552 3304 quidem,
586 3210 646 3282 sed
679 3223 793 3280 tamen
829 3207 1002 3302 expletum
1027 3221 1078 3280 est

106 3333 353 3404 nobilissimum
372 3333 472 3403 illud
501 3334 688 3406 Socraticae
711 3333 846 3404 scholae
867 3331 1075 3400 vaticinium.

154 3454 356 3526 Prodromus
385 3455 529 3526 Socratis
563 3453 804 3549 Aristophanes
831 3453 917 3541 fuit,
948 3453 1077 3547 quippe

106 3579 165 3669 qni
196 3579 326 3672 primns
365 3579 399 3645 in
423 3577 587 3646 Nutibus
612 3577 656 3646 de
680 3576 773 3646 coelo
796 3575 970 3646 devocavit
998 3573 1075 3670 phi·

47 3723 48 3730 *
107 3698 292 3794 losophiam
323 3714 425 3795 atque
454 3703 490 3770 in
522 3700 658 3788 domos,
686 3701 721 3769 in
744 3723 796 3769 res
821 3699 1019 3771 domesticas
1041 3710 1074 3767 et

140 3967 174 4034 (*)
194 3967 234 4016 Da
254 3973 312 4034 liap.
332 3972 372 4020 vt.
391 3971 419 4018 de
439 3973 486 4019 Cir.
506 3987 562 4020 vers.
582 3971 610 4020 avl
629 3971 658 4033 Q.
677 3973 712 4020 Fr.
732 3975 750 4020 l.
773 3977 794 4019 t.
814 3975 855 4020 1⁰.
