2824 5084
720 467 938 542 ..234-

345 691 419 742 mus
439 668 484 738 de
503 665 691 754 ooutruriis,
703 675 795 736 certe
807 662 1030 736 dissimilibus
1041 659 1225 734 eorundem
1233 661 1321 757 plri-

344 789 563 885 losophorum
585 787 732 884 placitis,
755 797 790 858 et
811 787 901 882 ipsos
920 783 1141 881 philosophos
1158 796 1243 856 totos
1258 785 1320 856 in-

344 915 495 1008 timeque
515 934 767 1006 cognosoemus.
816 909 885 982 Sed
909 908 993 982 haee
1017 906 1318 1003 quidemdehisee

344 1037 520 1110 haetenus.
570 1032 654 1128 Age,
679 1033 768 1104 illud
790 1056 992 1128 quaeramus
1004 1032 1218 1128 praesertim,
1234 1032 1317 1127 quid

345 1161 497 1233 inomni
521 1157 785 1255 philosophandi
809 1181 932 1252 genere
956 1155 1167 1253 philosophis
1192 1157 1227 1226 in
1249 1159 1320 1251 pri-

345 1283 409 1354 mis
433 1282 478 1352 sit
502 1255 701 1352 tenendum.

393 1403 531 1499 Optime
560 1401 605 1472 od
636 1399 949 1497 philosophandum
978 1401 1035 1470 via
1053 1421 1117 1470 neo
1132 1398 1320 1493 dogmatis-

344 1551 421 1600 mus
445 1537 509 1615 ost,
534 1525 594 1619 qui
618 1523 721 1618 milgo
745 1522 884 1612 dieitm·‚
905 1535 940 1594 et
962 1534 1187 1618 systematum
1199 1547 1320 1617 angus

344 1651 401 1720 tiis
425 1648 633 1742 continetur,
658 1647 989 1742 ueosceptioismus,
1009 1647 1071 1742 qui
1094 1644 1259 1718 facillime
1278 1645 1319 1716 ud

344 1771 576 1846 dubitandum
595 1770 642 1842 de
659 1770 861 1865 gravissimis
878 1768 1104 1840 rebus-ducit.
1127 1768 1199 1859 Est,
1215 1771 1253 1840 ni
1264 1768 1321 1839 lal-

345 1894 408 1985 lor,
427 1893 480 1966 his
498 1894 535 1964 iu
553 1893 671 1988 primis
685 1891 895 1987 temporibus
915 1891 1051 1982 uostris,
1062 1890 1321 1981 eoleetieismus,

275 2090 279 2094 .
344 2017 407 2090 sed
430 2028 533 2113 apte,
556 2029 596 2088 ut
618 2016 780 2106 diximus,
799 2040 879 2086 eum
900 2015 1084 2086 criticismo
1106 2018 1318 2108 oonjuuetus.

393 2141 569 2210 imitemur
602 2139 666 2208 heo
694 2139 777 2208 item
802 2139 839 2206 in
863 2160 900 2206 re
924 2137 1111 2208 Platonem.
1159 2137 1320 2224 Quamvis

348 2235 573 2347 Socraticus,
606 2257 700 2352 quod
733 2257 807 2352 ipsa
830 2257 952 2328 attinet
973 2257 1204 2355 philosophiae
1225 2259 1320 2354 prin-

345 2382 456 2479 cipia,
482 2391 596 2452 tamen
619 2403 690 2450 nou
714 2401 787 2451 esse
809 2381 906 2453 alter·
920 2381 1088 2453 Socrates
1099 2383 1220 2454 voluit.
1244 2383 1322 2454 Pro
1407 2433 1408 2450 r

346 2503 532 2577 [iciendum
554 2503 620 2574 sibi
642 2527 662 2573 e
686 2501 790 2573 nullis
814 2502 1119 2599 uousphilosophis
1140 2505 1323 2600 superioris

346 2651 496 2724 segue
512 2627 644 2715 uum,
660 2626 746 2719 quin
766 2626 871 2696 etiam
891 2647 911 2695 e
933 2627 1057 2721 poetis,
1069 2604 1213 2698 struet:
1233 2629 1323 2698 simi-

347 2753 427 2823 liter
452 2746 653 2822 Aristoteles
686 2758 721 2816 et
752 2748 877 2816 summi
892 2805 893 2810 ,
908 2749 1038 2843 quique
1068 2761 1104 2820 et
1126 2751 1269 2846 antiquo
1289 2763 1323 2821 et

346 2873 533 2946 reoentiore
554 2891 637 2940 aevo
657 2867 873 2966 philosophi:
895 2871 1249 2945 nolueruutiuverba
1257 2897 1324 2944 mo·
1405 2855 1406 2938 l

346 2995 443 3096 gistri
456 2996 593 3090 jurare,
614 2992 774 3089 progredi
796 2993 940 3066 ulterius
961 2995 1076 3086 etiam,
1099 3019 1204 3092 quem
1225 3021 1324 3093 pree-

346 3143 424 3192 sens
453 3129 545 3190 aetus
579 3128 808 3213 prooesserot,
833 3118 946 3188 ooneti
967 3129 1060 3190 sunt.
1109 3120 1324 3216 Quemquam

346 3244 462 3316 ounoti
482 3241 535 3312 illi
555 3241 656 3334 longe
678 3239 723 3312 oh
750 3241 816 3314 iste
839 3242 1030 3314 temeritate
1050 3242 1262 3337 abfiierunt,
1286 3259 1326 3318 ut

348 3367 415 3438 sibi
438 3389 569 3462 suoque
599 3365 735 3460 ingenio
766 3367 897 3458 omnio,
919 3365 993 3438 eliis
1015 3365 1102 3436 nihil
1126 3365 1237 3438 videri
1258 3369 1325 3440 vel-

350 3490 423 3562 lent
438 3490 576 3562 debere.
594 3488 683 3584 Quis
694 3494 849 3561 omnium
861 3481 1009 3570 doctior,
1020 3492 1069 3561 ait
1079 3491 1325 3581 emerueru-

349 3611 570 3710 totelefuit?
584 3611 647 3710 (*).
674 3613 739 3686 Tot
758 3613 857 3684 illum
880 3617 1010 3709 poetas,
1033 3625 1085 3686 tot
1095 3597 1205 3686 omnis
1226 3637 1322 3709 geue·
1403 3607 1404 3620 ³

347 3737 393 3807 ris
412 3736 615 3830 scriptores,
634 3749 685 3808 tot
707 3734 928 3832 philosophos
949 3733 1083 3830 legisse,
1108 3759 1174 3810 neo
1188 3715 1341 3810 tontum'

267 4010 269 4016 ¹
381 4009 420 4076 ρ)
439 4013 510 4060 orat.
528 4027 550 4059 c.
568 4009 609 4058 er.
