<?xml version="1.0" encoding="UTF-8"?>
<!DOCTYPE html PUBLIC "-//W3C//DTD XHTML 1.0 Transitional//EN"
    "http://www.w3.org/TR/xhtml1/DTD/xhtml1-transitional.dtd">
<html xmlns="http://www.w3.org/1999/xhtml" xml:lang="en" lang="en">
 <head>
  <title>
</title>
<meta http-equiv="Content-Type" content="text/html;charset=utf-8" />
  <meta name='ocr-system' content='tesseract 3.04.00' />
  <meta name='ocr-capabilities' content='ocr_page ocr_carea ocr_par ocr_line ocrx_word'/>
</head>
<body>
  <div class='ocr_page' id='page_1' title='image "./characterismipr00heusgoog_0056.png"; bbox 0 0 2836 5080; ppageno 0'>
   <div class='ocr_carea' id='block_1_1' title="bbox 497 445 683 516">
    <p class='ocr_par' dir='ltr' id='par_1_1' title="bbox 497 445 683 516">
     <span class='ocr_line' id='line_1_1' title="bbox 497 445 683 516; baseline -0.043 -13"><span class='ocrx_word' id='word_1_1' title='bbox 497 445 683 516; x_wconf 68' lang='lat'>...43-</span> 
     </span>
    </p>
   </div>
   <div class='ocr_carea' id='block_1_2' title="bbox 97 633 1157 3660">
    <p class='ocr_par' dir='ltr' id='par_1_2' title="bbox 97 633 1157 3660">
     <span class='ocr_line' id='line_1_2' title="bbox 111 633 1078 736; baseline 0.007 -31"><span class='ocrx_word' id='word_1_2' title='bbox 111 659 176 730; x_wconf 88' lang='lat' dir='ltr'>quo</span> <span class='ocrx_word' id='word_1_3' title='bbox 195 633 321 707; x_wconf 88' lang='lat' dir='ltr'>caeteri</span> <span class='ocrx_word' id='word_1_4' title='bbox 342 660 476 728; x_wconf 85' lang='lat' dir='ltr'>omues,</span> <span class='ocrx_word' id='word_1_5' title='bbox 499 637 643 710; x_wconf 89' lang='lat' dir='ltr'>flumine</span> <span class='ocrx_word' id='word_1_6' title='bbox 666 640 776 735; x_wconf 82' lang='lat' dir='ltr'>abripi</span> <span class='ocrx_word' id='word_1_7' title='bbox 794 663 831 710; x_wconf 89' lang='lat' dir='ltr'>se</span> <span class='ocrx_word' id='word_1_8' title='bbox 853 641 1000 736; x_wconf 88' lang='lat' dir='ltr'>ducique</span> <span class='ocrx_word' id='word_1_9' title='bbox 1020 665 1078 736; x_wconf 88' lang='lat' dir='ltr'>pa·</span> 
     </span>
     <span class='ocr_line' id='line_1_3' title="bbox 110 757 1079 856; baseline 0.004 -28"><span class='ocrx_word' id='word_1_10' title='bbox 110 770 257 848; x_wconf 88' lang='lat' dir='ltr'>teretur,</span> <span class='ocrx_word' id='word_1_11' title='bbox 282 757 344 828; x_wconf 92' lang='lat' dir='ltr'>sed</span> <span class='ocrx_word' id='word_1_12' title='bbox 368 761 488 850; x_wconf 88' lang='lat' dir='ltr'>etiam,</span> <span class='ocrx_word' id='word_1_13' title='bbox 512 773 552 832; x_wconf 86' lang='lat' dir='ltr'>ut</span> <span class='ocrx_word' id='word_1_14' title='bbox 572 761 653 834; x_wconf 89' lang='lat' dir='ltr'>huie</span> <span class='ocrx_word' id='word_1_15' title='bbox 675 785 750 833; x_wconf 88' lang='lat' dir='ltr'>sose</span> <span class='ocrx_word' id='word_1_16' title='bbox 773 760 909 833; x_wconf 87' lang='lat' dir='ltr'>flumini</span> <span class='ocrx_word' id='word_1_17' title='bbox 931 785 1079 856; x_wconf 91' lang='lat' dir='ltr'>oppone·</span> 
     </span>
     <span class='ocr_line' id='line_1_4' title="bbox 108 878 1078 978; baseline 0.005 -29"><span class='ocrx_word' id='word_1_18' title='bbox 108 891 170 950; x_wconf 90' lang='lat' dir='ltr'>ret.</span> <span class='ocrx_word' id='word_1_19' title='bbox 205 878 346 950; x_wconf 80' lang='lat' dir='ltr'>Adulari</span> <span class='ocrx_word' id='word_1_20' title='bbox 366 882 497 976; x_wconf 90' lang='lat' dir='ltr'>populo</span> <span class='ocrx_word' id='word_1_21' title='bbox 519 883 691 978; x_wconf 81' lang='lat' dir='ltr'><strong>sophistae</strong></span> <span class='ocrx_word' id='word_1_22' title='bbox 711 883 866 954; x_wconf 88' lang='lat' dir='ltr'>solebant</span> <span class='ocrx_word' id='word_1_23' title='bbox 883 895 987 977; x_wconf 90' lang='lat' dir='ltr'>atque</span> <span class='ocrx_word' id='word_1_24' title='bbox 1009 907 1078 954; x_wconf 90' lang='lat' dir='ltr'>ora·</span> 
     </span>
     <span class='ocr_line' id='line_1_5' title="bbox 108 995 1078 1095; baseline 0.001 -21"><span class='ocrx_word' id='word_1_25' title='bbox 108 1015 198 1074; x_wconf 89' lang='lat' dir='ltr'>tores</span> <span class='ocrx_word' id='word_1_26' title='bbox 210 1015 230 1090; x_wconf 77' lang='lat'>3&#39;</span> <span class='ocrx_word' id='word_1_27' title='bbox 243 999 301 1072; x_wconf 92' lang='lat' dir='ltr'>ille</span> <span class='ocrx_word' id='word_1_28' title='bbox 320 1015 455 1095; x_wconf 88' lang='lat' dir='ltr'>contra,</span> <span class='ocrx_word' id='word_1_29' title='bbox 476 1029 556 1094; x_wconf 87' lang='lat' dir='ltr'>vos,</span> <span class='ocrx_word' id='word_1_30' title='bbox 580 995 822 1094; x_wconf 81' lang='lat' dir='ltr'>Athenienses,</span> <span class='ocrx_word' id='word_1_31' title='bbox 845 1003 999 1095; x_wconf 86' lang='lat' dir='ltr'>dicebat,</span> <span class='ocrx_word' id='word_1_32' title='bbox 1019 1027 1078 1075; x_wconf 83' lang='lat' dir='ltr'>vos</span> 
     </span>
     <span class='ocr_line' id='line_1_6' title="bbox 106 1119 1080 1223; baseline -0.002 -25"><span class='ocrx_word' id='word_1_33' title='bbox 106 1119 191 1217; x_wconf 75' lang='grc' dir='ltr'>ἐμοῦ</span> <span class='ocrx_word' id='word_1_34' title='bbox 220 1121 399 1198; x_wconf 75' lang='grc' dir='ltr'>ἀκούσεσθε</span> <span class='ocrx_word' id='word_1_35' title='bbox 429 1127 544 1199; x_wconf 69' lang='grc' dir='ltr'><em>πᾶσαν</em></span> <span class='ocrx_word' id='word_1_36' title='bbox 580 1126 635 1216; x_wconf 73' lang='lat' dir='ltr'>rip</span> <span class='ocrx_word' id='word_1_37' title='bbox 670 1123 819 1214; x_wconf 61' lang='grc' dir='ltr'>ἀληθείην</span> <span class='ocrx_word' id='word_1_38' title='bbox 839 1123 903 1223; x_wconf 73' lang='lat'><em>(*).</em></span> <span class='ocrx_word' id='word_1_39' title='bbox 953 1125 1080 1197; x_wconf 81' lang='lat' dir='ltr'>ornate</span> 
     </span>
     <span class='ocr_line' id='line_1_7' title="bbox 103 1245 1079 1344; baseline 0.002 -30"><span class='ocrx_word' id='word_1_40' title='bbox 103 1245 221 1316; x_wconf 85' lang='lat' dir='ltr'>dicere</span> <span class='ocrx_word' id='word_1_41' title='bbox 261 1247 463 1344; x_wconf 79' lang='lat' dir='ltr'>copioseque</span> <span class='ocrx_word' id='word_1_42' title='bbox 496 1246 601 1318; x_wconf 92' lang='lat' dir='ltr'>iidem</span> <span class='ocrx_word' id='word_1_43' title='bbox 631 1258 875 1320; x_wconf 85' lang='lat' dir='ltr'>consueverant</span> <span class='ocrx_word' id='word_1_44' title='bbox 907 1257 1079 1336; x_wconf 88' lang='lat' dir='ltr'>oratores,</span> 
     </span>
     <span class='ocr_line' id='line_1_8' title="bbox 105 1367 1080 1468; baseline 0.002 -30"><span class='ocrx_word' id='word_1_45' title='bbox 105 1391 175 1462; x_wconf 88' lang='lat' dir='ltr'>quo</span> <span class='ocrx_word' id='word_1_46' title='bbox 196 1367 303 1468; x_wconf 79' lang='lat' dir='ltr'>magis</span> <span class='ocrx_word' id='word_1_47' title='bbox 323 1392 420 1441; x_wconf 86' lang='lat' dir='ltr'>suam</span> <span class='ocrx_word' id='word_1_48' title='bbox 440 1371 643 1443; x_wconf 88' lang='lat' dir='ltr'>sententiam</span> <span class='ocrx_word' id='word_1_49' title='bbox 666 1369 797 1466; x_wconf 91' lang='lat' dir='ltr'>populo</span> <span class='ocrx_word' id='word_1_50' title='bbox 819 1369 1080 1466; x_wconf 82' lang='lat' dir='ltr'><strong>persuaderent:</strong></span> 
     </span>
     <span class='ocr_line' id='line_1_9' title="bbox 106 1488 1080 1588; baseline 0.004 -30"><span class='ocrx_word' id='word_1_51' title='bbox 106 1488 166 1560; x_wconf 89' lang='lat' dir='ltr'>ille</span> <span class='ocrx_word' id='word_1_52' title='bbox 187 1511 266 1562; x_wconf 86' lang='lat' dir='ltr'>vero</span> <span class='ocrx_word' id='word_1_53' title='bbox 286 1489 370 1584; x_wconf 92' lang='lat' dir='ltr'>quid</span> <span class='ocrx_word' id='word_1_54' title='bbox 389 1490 493 1584; x_wconf 78' lang='lat' dir='ltr'>vulgo</span> <span class='ocrx_word' id='word_1_55' title='bbox 509 1491 672 1586; x_wconf 79' lang='lat' dir='ltr'>placeret,</span> <span class='ocrx_word' id='word_1_56' title='bbox 689 1491 774 1588; x_wconf 89' lang='lat' dir='ltr'>quid</span> <span class='ocrx_word' id='word_1_57' title='bbox 789 1489 998 1587; x_wconf 83' lang='lat' dir='ltr'>displiceret,</span> <span class='ocrx_word' id='word_1_58' title='bbox 1009 1513 1080 1562; x_wconf 87' lang='lat' dir='ltr'>non</span> 
     </span>
     <span class='ocr_line' id='line_1_10' title="bbox 104 1610 1079 1710; baseline 0.006 -32"><span class='ocrx_word' id='word_1_59' title='bbox 104 1610 303 1706; x_wconf 86' lang='lat' dir='ltr'>reputabat:</span> <span class='ocrx_word' id='word_1_60' title='bbox 326 1610 558 1708; x_wconf 85' lang='lat' dir='ltr'>idspectabat</span> <span class='ocrx_word' id='word_1_61' title='bbox 578 1612 697 1704; x_wconf 88' lang='lat' dir='ltr'>unice,</span> <span class='ocrx_word' id='word_1_62' title='bbox 717 1613 811 1710; x_wconf 91' lang='lat' dir='ltr'>quod</span> <span class='ocrx_word' id='word_1_63' title='bbox 829 1617 964 1708; x_wconf 89' lang='lat' dir='ltr'>justum</span> <span class='ocrx_word' id='word_1_64' title='bbox 990 1624 1079 1685; x_wconf 88' lang='lat' dir='ltr'>esset</span> 
     </span>
     <span class='ocr_line' id='line_1_11' title="bbox 104 1731 1079 1828; baseline 0.002 -26"><span class='ocrx_word' id='word_1_65' title='bbox 104 1743 142 1802; x_wconf 89' lang='lat' dir='ltr'>et</span> <span class='ocrx_word' id='word_1_66' title='bbox 168 1731 378 1828; x_wconf 89' lang='lat' dir='ltr'>reipublicae</span> <span class='ocrx_word' id='word_1_67' title='bbox 405 1732 623 1806; x_wconf 79' lang='lat' dir='ltr'><strong>conduceret.</strong></span> <span class='ocrx_word' id='word_1_68' title='bbox 673 1733 748 1822; x_wconf 91' lang='lat' dir='ltr'>Qua</span> <span class='ocrx_word' id='word_1_69' title='bbox 778 1735 815 1806; x_wconf 90' lang='lat' dir='ltr'>in</span> <span class='ocrx_word' id='word_1_70' title='bbox 844 1757 883 1806; x_wconf 89' lang='lat' dir='ltr'>re</span> <span class='ocrx_word' id='word_1_71' title='bbox 911 1735 1079 1807; x_wconf 84' lang='lat' dir='ltr'>constanti</span> 
     </span>
     <span class='ocr_line' id='line_1_12' title="bbox 104 1853 1079 1950; baseline 0 -26"><span class='ocrx_word' id='word_1_72' title='bbox 104 1855 219 1925; x_wconf 87' lang='lat' dir='ltr'>auimo</span> <span class='ocrx_word' id='word_1_73' title='bbox 247 1856 484 1948; x_wconf 87' lang='lat' dir='ltr'>perseveravit.</span> <span class='ocrx_word' id='word_1_74' title='bbox 536 1853 605 1926; x_wconf 82' lang='lat' dir='ltr'>Vos</span> <span class='ocrx_word' id='word_1_75' title='bbox 628 1881 701 1946; x_wconf 84' lang='lat' dir='ltr'>mc,</span> <span class='ocrx_word' id='word_1_76' title='bbox 727 1855 858 1950; x_wconf 88' lang='lat' dir='ltr'>inquit,</span> <span class='ocrx_word' id='word_1_77' title='bbox 884 1857 1079 1927; x_wconf 77' lang='lat' dir='ltr'>Athenian·</span> 
     </span>
     <span class='ocr_line' id='line_1_13' title="bbox 103 1978 1079 2078; baseline -0.001 -32"><span class='ocrx_word' id='word_1_78' title='bbox 103 2003 179 2078; x_wconf 80' lang='lat' dir='ltr'>ses,</span> <span class='ocrx_word' id='word_1_79' title='bbox 216 1978 436 2067; x_wconf 82' lang='lat' dir='ltr'>consultore,</span> <span class='ocrx_word' id='word_1_80' title='bbox 472 2001 662 2074; x_wconf 76' lang='lat' dir='ltr'><em>numquam</em></span> <span class='ocrx_word' id='word_1_81' title='bbox 696 1979 886 2050; x_wconf 81' lang='lat' dir='ltr'>adulatore</span> <span class='ocrx_word' id='word_1_82' title='bbox 918 1979 1079 2048; x_wconf 76' lang='lat' dir='ltr'>utemini.</span> 
     </span>
     <span class='ocr_line' id='line_1_14' title="bbox 102 2096 1079 2198; baseline -0.003 -25"><span class='ocrx_word' id='word_1_83' title='bbox 102 2098 201 2187; x_wconf 79' lang='lat' dir='ltr'>Quae</span> <span class='ocrx_word' id='word_1_84' title='bbox 229 2101 324 2198; x_wconf 84' lang='lat' dir='ltr'>sarie</span> <span class='ocrx_word' id='word_1_85' title='bbox 343 2099 373 2170; x_wconf 88' lang='lat' dir='ltr'>si</span> <span class='ocrx_word' id='word_1_86' title='bbox 407 2096 658 2173; x_wconf 84' lang='lat' dir='ltr'>consideramus</span> <span class='ocrx_word' id='word_1_87' title='bbox 687 2123 767 2172; x_wconf 82' lang='lat' dir='ltr'>cum</span> <span class='ocrx_word' id='word_1_88' title='bbox 793 2098 881 2173; x_wconf 85' lang='lat' dir='ltr'>facta</span> <span class='ocrx_word' id='word_1_89' title='bbox 901 2100 981 2189; x_wconf 84' lang='lat' dir='ltr'>viri,</span> <span class='ocrx_word' id='word_1_90' title='bbox 1003 2111 1079 2170; x_wconf 87' lang='lat' dir='ltr'>turn</span> 
     </span>
     <span class='ocr_line' id='line_1_15' title="bbox 101 2221 1080 2316; baseline -0.002 -24"><span class='ocrx_word' id='word_1_91' title='bbox 101 2221 226 2312; x_wconf 84' lang='lat' dir='ltr'>effata,</span> <span class='ocrx_word' id='word_1_92' title='bbox 258 2221 480 2314; x_wconf 72' lang='lat' dir='ltr'>intelligimus</span> <span class='ocrx_word' id='word_1_93' title='bbox 509 2221 627 2312; x_wconf 89' lang='lat' dir='ltr'>facile,</span> <span class='ocrx_word' id='word_1_94' title='bbox 648 2245 754 2316; x_wconf 83' lang='lat' dir='ltr'>quare</span> <span class='ocrx_word' id='word_1_95' title='bbox 774 2221 893 2294; x_wconf 87' lang='lat' dir='ltr'>multis</span> <span class='ocrx_word' id='word_1_96' title='bbox 915 2222 952 2291; x_wconf 91' lang='lat' dir='ltr'>in</span> <span class='ocrx_word' id='word_1_97' title='bbox 974 2223 1080 2316; x_wconf 87' lang='lat' dir='ltr'>repu-</span> 
     </span>
     <span class='ocr_line' id='line_1_16' title="bbox 100 2339 1079 2438; baseline 0 -24"><span class='ocrx_word' id='word_1_98' title='bbox 100 2341 198 2415; x_wconf 88' lang='lat' dir='ltr'>blica</span> <span class='ocrx_word' id='word_1_99' title='bbox 229 2339 360 2413; x_wconf 82' lang='lat' dir='ltr'>civibus</span> <span class='ocrx_word' id='word_1_100' title='bbox 389 2339 619 2436; x_wconf 84' lang='lat' dir='ltr'>displicuerit,</span> <span class='ocrx_word' id='word_1_101' title='bbox 653 2339 720 2412; x_wconf 90' lang='lat' dir='ltr'>illis</span> <span class='ocrx_word' id='word_1_102' title='bbox 743 2345 906 2434; x_wconf 85' lang='lat' dir='ltr'>maxime,</span> <span class='ocrx_word' id='word_1_103' title='bbox 929 2343 991 2438; x_wconf 86' lang='lat' dir='ltr'>qui</span> <span class='ocrx_word' id='word_1_104' title='bbox 1018 2368 1079 2414; x_wconf 92' lang='lat' dir='ltr'>au-</span> 
     </span>
     <span class='ocr_line' id='line_1_17' title="bbox 97 2461 1157 2560; baseline 0.002 -24"><span class='ocrx_word' id='word_1_105' title='bbox 97 2489 181 2537; x_wconf 82' lang='lat' dir='ltr'>ram</span> <span class='ocrx_word' id='word_1_106' title='bbox 210 2462 410 2560; x_wconf 81' lang='lat' dir='ltr'>popularem</span> <span class='ocrx_word' id='word_1_107' title='bbox 443 2461 642 2534; x_wconf 87' lang='lat' dir='ltr'>nitebantur</span> <span class='ocrx_word' id='word_1_108' title='bbox 669 2475 815 2558; x_wconf 84' lang='lat' dir='ltr'>captare.</span> <span class='ocrx_word' id='word_1_109' title='bbox 856 2463 1080 2557; x_wconf 81' lang='lat' dir='ltr'>lutelligimus</span> <span class='ocrx_word' id='word_1_110' title='bbox 1155 2543 1157 2547; x_wconf 69' lang='grc'><strong>,</strong></span> 
     </span>
     <span class='ocr_line' id='line_1_18' title="bbox 99 2583 1081 2684; baseline -0.001 -27"><span class='ocrx_word' id='word_1_111' title='bbox 99 2590 212 2678; x_wconf 87' lang='lat' dir='ltr'>item,</span> <span class='ocrx_word' id='word_1_112' title='bbox 234 2585 439 2684; x_wconf 79' lang='lat' dir='ltr'>persuasisse</span> <span class='ocrx_word' id='word_1_113' title='bbox 455 2585 521 2654; x_wconf 87' lang='lat' dir='ltr'>sibi</span> <span class='ocrx_word' id='word_1_114' title='bbox 539 2583 667 2655; x_wconf 87' lang='lat' dir='ltr'>multos</span> <span class='ocrx_word' id='word_1_115' title='bbox 686 2607 727 2655; x_wconf 87' lang='lat' dir='ltr'>eo</span> <span class='ocrx_word' id='word_1_116' title='bbox 749 2596 903 2680; x_wconf 88' lang='lat' dir='ltr'>tempore</span> <span class='ocrx_word' id='word_1_117' title='bbox 924 2584 1081 2676; x_wconf 84' lang='lat' dir='ltr'>Athenis,</span> 
     </span>
     <span class='ocr_line' id='line_1_19' title="bbox 100 2701 1082 2804; baseline -0.002 -24"><span class='ocrx_word' id='word_1_118' title='bbox 100 2709 252 2804; x_wconf 83' lang='lat' dir='ltr'>dignum</span> <span class='ocrx_word' id='word_1_119' title='bbox 267 2701 408 2803; x_wconf 63' lang='lat' dir='ltr'>&#39;capitali</span> <span class='ocrx_word' id='word_1_120' title='bbox 427 2705 596 2802; x_wconf 89' lang='lat' dir='ltr'>supplicio</span> <span class='ocrx_word' id='word_1_121' title='bbox 617 2705 720 2777; x_wconf 86' lang='lat' dir='ltr'>fuisse</span> <span class='ocrx_word' id='word_1_122' title='bbox 737 2707 928 2797; x_wconf 84' lang='lat' dir='ltr'>Socratem,</span> <span class='ocrx_word' id='word_1_123' title='bbox 952 2707 1082 2804; x_wconf 89' lang='lat' dir='ltr'>quippe</span> 
     </span>
     <span class='ocr_line' id='line_1_20' title="bbox 102 2829 1081 2926; baseline -0.002 -24"><span class='ocrx_word' id='word_1_124' title='bbox 102 2833 169 2924; x_wconf 90' lang='lat' dir='ltr'>qui</span> <span class='ocrx_word' id='word_1_125' title='bbox 192 2853 313 2926; x_wconf 87' lang='lat' dir='ltr'>reapse</span> <span class='ocrx_word' id='word_1_126' title='bbox 338 2830 388 2900; x_wconf 48' lang='lat' dir='ltr'>iu¹</span> <span class='ocrx_word' id='word_1_127' title='bbox 407 2829 510 2898; x_wconf 89' lang='lat' dir='ltr'>rebus</span> <span class='ocrx_word' id='word_1_128' title='bbox 544 2829 746 2921; x_wconf 82' lang='lat' dir='ltr'>gravissimis</span> <span class='ocrx_word' id='word_1_129' title='bbox 775 2852 829 2900; x_wconf 89' lang='lat' dir='ltr'>res</span> <span class='ocrx_word' id='word_1_130' title='bbox 856 2853 959 2901; x_wconf 85' lang='lat' dir='ltr'>noves</span> <span class='ocrx_word' id='word_1_131' title='bbox 985 2829 1081 2902; x_wconf 89' lang='lat' dir='ltr'>moli·</span> 
     </span>
     <span class='ocr_line' id='line_1_21' title="bbox 101 2949 1081 3046; baseline -0.001 -24"><span class='ocrx_word' id='word_1_132' title='bbox 101 2963 222 3040; x_wconf 79' lang='lat' dir='ltr'>retur3</span> <span class='ocrx_word' id='word_1_133' title='bbox 256 2951 338 3042; x_wconf 84' lang='lat' dir='ltr'>sed,</span> <span class='ocrx_word' id='word_1_134' title='bbox 369 2949 658 3046; x_wconf 87' lang='lat' dir='ltr'>quemadmodum</span> <span class='ocrx_word' id='word_1_135' title='bbox 691 2949 728 3019; x_wconf 93' lang='lat' dir='ltr'>id</span> <span class='ocrx_word' id='word_1_136' title='bbox 757 2949 860 3020; x_wconf 87' lang='lat' dir='ltr'>bodie</span> <span class='ocrx_word' id='word_1_137' title='bbox 894 2951 961 3021; x_wconf 89' lang='lat' dir='ltr'>sibi</span> <span class='ocrx_word' id='word_1_138' title='bbox 990 2953 1081 3045; x_wconf 90' lang='lat' dir='ltr'>quis·</span> 
     </span>
     <span class='ocr_line' id='line_1_22' title="bbox 101 3069 1081 3172; baseline -0.003 -26"><span class='ocrx_word' id='word_1_139' title='bbox 101 3101 212 3172; x_wconf 91' lang='lat' dir='ltr'>quam</span> <span class='ocrx_word' id='word_1_140' title='bbox 234 3073 457 3171; x_wconf 85' lang='lat' dir='ltr'>persuadeat,</span> <span class='ocrx_word' id='word_1_141' title='bbox 481 3071 624 3168; x_wconf 89' lang='lat' dir='ltr'>aliisque</span> <span class='ocrx_word' id='word_1_142' title='bbox 644 3073 850 3170; x_wconf 89' lang='lat' dir='ltr'>persuadere</span> <span class='ocrx_word' id='word_1_143' title='bbox 866 3069 1020 3164; x_wconf 89' lang='lat' dir='ltr'>conetur,</span> <span class='ocrx_word' id='word_1_144' title='bbox 1032 3073 1081 3168; x_wconf 91' lang='lat' dir='ltr'>id,</span> 
     </span>
     <span class='ocr_line' id='line_1_23' title="bbox 100 3195 1082 3291; baseline 0.003 -25"><span class='ocrx_word' id='word_1_145' title='bbox 100 3195 234 3287; x_wconf 83' lang='lat' dir='ltr'>fateor,</span> <span class='ocrx_word' id='word_1_146' title='bbox 268 3196 435 3291; x_wconf 84' lang='lat' dir='ltr'>ejusmodi</span> <span class='ocrx_word' id='word_1_147' title='bbox 452 3208 523 3285; x_wconf 92' lang='lat' dir='ltr'>est,</span> <span class='ocrx_word' id='word_1_148' title='bbox 544 3207 670 3266; x_wconf 88' lang='lat' dir='ltr'>utnon</span> <span class='ocrx_word' id='word_1_149' title='bbox 691 3196 932 3290; x_wconf 82' lang='lat' dir='ltr'>intelligamus.</span> <span class='ocrx_word' id='word_1_150' title='bbox 983 3197 1082 3268; x_wconf 83' lang='lat' dir='ltr'>Dixe·</span> 
     </span>
     <span class='ocr_line' id='line_1_24' title="bbox 100 3317 1082 3414; baseline 0.001 -25"><span class='ocrx_word' id='word_1_151' title='bbox 100 3320 176 3389; x_wconf 91' lang='lat' dir='ltr'>rim</span> <span class='ocrx_word' id='word_1_152' title='bbox 197 3319 378 3414; x_wconf 85' lang='lat' dir='ltr'>equidem,</span> <span class='ocrx_word' id='word_1_153' title='bbox 396 3318 540 3412; x_wconf 82' lang='lat' dir='ltr'>dignum</span> <span class='ocrx_word' id='word_1_154' title='bbox 560 3341 640 3388; x_wconf 89' lang='lat' dir='ltr'>eum</span> <span class='ocrx_word' id='word_1_155' title='bbox 661 3317 783 3407; x_wconf 85' lang='lat' dir='ltr'>luisse,</span> <span class='ocrx_word' id='word_1_156' title='bbox 803 3329 843 3388; x_wconf 91' lang='lat' dir='ltr'>ut</span> <span class='ocrx_word' id='word_1_157' title='bbox 860 3319 934 3414; x_wconf 90' lang='lat' dir='ltr'>ipse</span> <span class='ocrx_word' id='word_1_158' title='bbox 950 3318 1082 3412; x_wconf 85' lang='lat' dir='ltr'>judica-</span> 
     </span>
     <span class='ocr_line' id='line_1_25' title="bbox 99 3439 1083 3539; baseline -0.001 -26"><span class='ocrx_word' id='word_1_159' title='bbox 99 3441 189 3534; x_wconf 82' lang='lat' dir='ltr'>bat,</span> <span class='ocrx_word' id='word_1_160' title='bbox 217 3443 276 3538; x_wconf 91' lang='lat' dir='ltr'>qui</span> <span class='ocrx_word' id='word_1_161' title='bbox 301 3453 442 3539; x_wconf 90' lang='lat' dir='ltr'>propter</span> <span class='ocrx_word' id='word_1_162' title='bbox 474 3441 595 3511; x_wconf 90' lang='lat' dir='ltr'>merita</span> <span class='ocrx_word' id='word_1_163' title='bbox 613 3441 649 3510; x_wconf 91' lang='lat' dir='ltr'>in</span> <span class='ocrx_word' id='word_1_164' title='bbox 670 3439 918 3536; x_wconf 87' lang='lat' dir='ltr'>rempublicam</span> <span class='ocrx_word' id='word_1_165' title='bbox 939 3453 974 3511; x_wconf 84' lang='lat' dir='ltr'>et</span> <span class='ocrx_word' id='word_1_166' title='bbox 994 3441 1083 3513; x_wconf 86' lang='lat' dir='ltr'>cives</span> 
     </span>
     <span class='ocr_line' id='line_1_26' title="bbox 99 3549 870 3660; baseline -0.008 -24"><span class='ocrx_word' id='word_1_167' title='bbox 99 3589 208 3654; x_wconf 85' lang='lat' dir='ltr'>suos,</span> <span class='ocrx_word' id='word_1_168' title='bbox 230 3549 368 3659; x_wconf 83' lang='lat' dir='ltr'>publice</span> <span class='ocrx_word' id='word_1_169' title='bbox 384 3549 420 3635; x_wconf 86' lang='lat' dir='ltr'>in</span> <span class='ocrx_word' id='word_1_170' title='bbox 434 3563 601 3660; x_wconf 75' lang='lat' dir='ltr'>P1ytaneo</span> <span class='ocrx_word' id='word_1_171' title='bbox 624 3561 774 3634; x_wconf 87' lang='lat' dir='ltr'>aleretur</span> <span class='ocrx_word' id='word_1_172' title='bbox 796 3559 870 3659; x_wconf 88' lang='lat'><strong>(†).</strong></span> 
     </span>
    </p>
   </div>
   <div class='ocr_carea' id='block_1_3' title="bbox 101 3707 665 3796">
    <p class='ocr_par' dir='ltr' id='par_1_3' title="bbox 101 3707 665 3796">
     <span class='ocr_line' id='line_1_27' title="bbox 517 3707 665 3738; baseline -0.02 1"><span class='ocrx_word' id='word_1_173' title='bbox 517 3707 665 3738; x_wconf 57' lang='lat'>*¹*-</span> 
     </span>
     <span class='ocr_line' id='line_1_28' title="bbox 101 3773 347 3796; baseline -0.037 8"><span class='ocrx_word' id='word_1_174' title='bbox 101 3773 347 3796; x_wconf 62' lang='lat'><strong>---—-.7--</strong></span> 
     </span>
    </p>
   </div>
   <div class='ocr_carea' id='block_1_4' title="bbox 136 3854 1084 4018">
    <p class='ocr_par' dir='ltr' id='par_1_4' title="bbox 136 3854 1084 4018">
     <span class='ocr_line' id='line_1_29' title="bbox 137 3854 545 3925; baseline -0.034 -1"><span class='ocrx_word' id='word_1_175' title='bbox 137 3854 176 3924; x_wconf 80' lang='lat' dir='ltr'>(*l</span> <span class='ocrx_word' id='word_1_176' title='bbox 195 3857 258 3908; x_wconf 79' lang='lat' dir='ltr'>Pht.</span> <span class='ocrx_word' id='word_1_177' title='bbox 277 3862 349 3925; x_wconf 72' lang='lat' dir='ltr'>Apol.</span> <span class='ocrx_word' id='word_1_178' title='bbox 368 3863 439 3924; x_wconf 82' lang='lat' dir='ltr'>S.·p.</span> <span class='ocrx_word' id='word_1_179' title='bbox 459 3861 502 3910; x_wconf 76' lang='lat'>17.</span> <span class='ocrx_word' id='word_1_180' title='bbox 518 3861 545 3910; x_wconf 84' lang='lat' dir='ltr'>ll.</span> 
     </span>
     <span class='ocr_line' id='line_1_30' title="bbox 136 3948 1084 4018; baseline -0.014 -15"><span class='ocrx_word' id='word_1_181' title='bbox 136 3949 183 4018; x_wconf 60' lang='grc' dir='ltr'>(Τ)</span> <span class='ocrx_word' id='word_1_182' title='bbox 202 3952 324 4018; x_wconf 76' lang='lat' dir='ltr'>Respicere</span> <span class='ocrx_word' id='word_1_183' title='bbox 341 3969 378 4002; x_wconf 82' lang='lat' dir='ltr'>me</span> <span class='ocrx_word' id='word_1_184' title='bbox 395 3964 573 4004; x_wconf 76' lang='lat' dir='ltr'>renouatum</span> <span class='ocrx_word' id='word_1_185' title='bbox 589 3953 710 4005; x_wconf 68' lang='lat' dir='ltr'>libellums</span> <span class='ocrx_word' id='word_1_186' title='bbox 728 3957 780 4015; x_wconf 73' lang='lat' dir='ltr'>Dia</span> <span class='ocrx_word' id='word_1_187' title='bbox 799 3957 907 4008; x_wconf 72' lang='lat' dir='ltr'>Atticm</span> <span class='ocrx_word' id='word_1_188' title='bbox 920 3953 973 4006; x_wconf 71' lang='lat' dir='ltr'>aad</span> <span class='ocrx_word' id='word_1_189' title='bbox 990 3948 1084 4000; x_wconf 71' lang='lat' dir='ltr'>Sokra-</span> 
     </span>
    </p>
   </div>
   <div class='ocr_carea' id='block_1_5' title="bbox 0 0 1422 5080">
    <p class='ocr_par' dir='ltr' id='par_1_5' title="bbox 0 0 1422 5080">
     <span class='ocr_line' id='line_1_31' title="bbox 0 0 1422 5080; baseline 0 0"><span class='ocrx_word' id='word_1_190' title='bbox 0 0 1422 5080; x_wconf 95' lang='lat' dir='ltr'> </span> 
     </span>
    </p>
   </div>
  </div>
 </body>
</html>
