2824 5084
485 448 624 522 ...201
657 491 699 506 ...

109 658 218 722 tutem
243 659 277 720 et
308 651 545 742 sapientiam,
573 673 669 743 quae
686 651 839 720 leoninis
868 655 918 722 ad
939 659 1073 728 cerita-

107 783 175 842 tern
204 773 489 859 conversionem,
517 771 639 842 similia
663 773 795 862 omnia,
822 772 954 847 Platoni
976 780 1074 850 unice

105 894 266 989 propria,
295 881 463 988 spectant.
524 893 597 964 Non
625 906 696 983 est,
726 893 810 964 mihi
841 895 963 984 crede,
998 921 1075 992 per·

101 1017 230 1086 version
256 1015 528 1110 interpretandae
553 1015 789 1111 philosophiae
811 997 1003 1090 Platonicae
1022 1045 1075 1090 ra-

102 1140 161 1210 tio.
200 1139 282 1210 Nam
304 1137 368 1223 hac
388 1139 517 1210 scilicet
537 1139 617 1229 illa,
643 1164 706 1210 suo
728 1139 892 1212 destituta
910 1143 1021 1214 colore
1041 1157 1077 1214 et

99 1261 239 1352 habitu,
271 1263 421 1332 alienum
449 1263 617 1357 suscepit:
648 1261 805 1358 factaque
823 1263 892 1334 iere
912 1278 984 1336 tota
1004 1279 1074 1356 est,

101 1397 140 1455 ut
169 1409 237 1456 nno
258 1383 371 1456 dicam
394 1385 517 1474 verbo,
535 1383 760 1458 Arisutelica.
811 1385 914 1479 Quid,
932 1413 1078 1484 quaem,

19 1583 20 1588 ,
100 1509 207 1605 magis
229 1507 342 1578 valere
364 1508 408 1577 ed
423 1509 561 1603 penitus
581 1531 656 1582 eam
678 1510 960 1604 corrumpendam
972 1523 1076 1606 atque

100 1629 348 1702 obscurandam
370 1625 514 1724 potuit?

150 1753 341 1824 Aristotelis
374 1747 453 1827 vero
479 1729 574 1824 aliud
608 1755 680 1824 fere
709 1755 801 1850 apud
826 1779 887 1826 nos
909 1757 1077 1852 longeque

100 1877 273 1948 diversum
306 1879 482 1970 negotium
510 1875 586 1946 fuit.
637 1877 720 1948 Nem
743 1869 889 1973 quadrat
910 1879 1014 1973 plane
1042 1880 1078 1952 in

100 1999 363 2094 philosophandi
402 2001 567 2070 rationem
606 2011 756 2070 nostram
794 2000 886 2070 illius
921 1998 1077 2094 philoso-

101 2121 195 2216 phia.
226 2121 318 2193 Haec
340 2122 568 2210 demumst,
590 2119 674 2192 haec
694 2146 782 2212 una,
803 2122 897 2218 loqui
918 2121 1076 2210 solemus,

101 2243 277 2314 verissima
305 2242 570 2336 philosophandi
593 2242 797 2317 methodus·
837 2221 936 2314 Unde
963 2243 1069 2338 expli-

102 2363 273 2454 candum,
298 2359 391 2454 quod
424 2360 580 2428 mirabile
612 2339 709 2430 dictu
740 2375 808 2450 est,
840 2377 900 2453 ut,
924 2367 1076 2459 quamvis

103 2489 183 2556 luce
206 2484 363 2556 clariores
385 2484 453 2554 sint
474 2481 623 2552 Platonis
650 2482 686 2550 in
707 2481 851 2555 Politia
875 2482 920 2554 de
943 2488 1076 2578 justitia

104 2621 141 2677 ot
164 2595 234 2676 vita
255 2607 356 2678 heato
377 2605 879 2700 disquisitiones,reccntiores
902 2608 1077 2685 tamen'il-

104 2729 155 2800 las
180 2751 279 2823 aegre
301 2731 474 2824 ceperint,
503 2738 620 2799 contra
643 2729 753 2822 ipsam
775 2727 861 2800 adeo
886 2728 1077 2820 diistotelis

104 2853 369 2949 metaphysicam
403 2851 629 2924 intellexerint
652 2848 762 2921 facile.
800 2849 900 2944 „Ergo
921 2850 1076 2922 sublatus

106 2979 144 3046 in
166 2971 299 3048 coelum
322 3002 342 3046 a
372 2999 475 3070 quam
498 2974 653 3069 plurimis
677 2972 876 3043 Aristoteles
899 2984 972 3060 est,
999 2973 1077 3044 dic-

105 3113 162 3170 tus
181 3097 252 3170 lere
273 3098 482 3193 habitusque
502 3119 564 3192 per
579 3094 814 3166 excellentiam
819 3096 1075 3189 philosophos·

103 3221 201 3293 Plato
222 3244 320 3312 veno,
346 3222 476 3315 quippe
497 3241 565 3290 non
586 3217 779 3288 intellectus
799 3215 923 3308 vulgo,
944 3239 962 3284 a
991 3240 1078 3310 pau-

105 3346 155 3415 cis
177 3343 312 3434 cultus,
335 3343 395 3438 qui.
417 3353 452 3422 et
472 3339 701 3432 intelligerent
725 3341 839 3432 ipsmn
859 3348 894 3408 et
914 3350 1076 3425 ornarent,

105 3493 127 3534 a
159 3467 298 3536 caeteris
330 3477 465 3560 spretus
487 3461 756 3558 repudiatusque
778 3473 856 3532 est..
889 3461 950 3531 His
974 3461 1077 3554 igitur
1192 3471 1196 3482 ¹
1281 3563 1283 3572 Ι

106 3589 299 3662 laborantes
331 3589 422 3660 omui
455 3611 536 3658 aevo
566 3583 806 3680 praejudicatis
826 3583 1076 3678 opinionibus,
1195 3676 1199 3680 .

108 3715 220 3807 iisque
254 3713 430 3801 occaecativ
451 3711 575 3797 ferme,
608 3731 678 3802 quo
707 3705 845 3776 tandem
883 3707 985 3778 modo
1017 3731 1077 3778 nos

111 3860 263 3932 unquam
284 3899 289 3906 .
307 3859 386 3910 eum
428 3841 547 3904 sanum
590 3828 739 3924 prolerre
780 3828 824 3900 de
867 3828 1016 3902 Platone,
1044 3838 1079 3894 et
1143 3913 1149 3933 x

111 3959 293 4034 Anistotele
320 3957 490 4051 judicium
517 3955 710 4050 potuimus,
747 3965 820 4046 tum
841 3953 1004 4022 rationem
1028 3951 1079 4018 in*
