2824 5084
441 477 660 554 -177-

73 709 172 782 quarn
195 696 334 758 secutus
355 692 440 772 est,
472 680 602 750 ratione
623 675 894 762 consideramus,
912 669 968 744 vel
991 669 1042 742 sio

73 835 139 882 non
158 809 272 880 minus
287 804 385 878 nobis
407 804 498 874 vitiis
517 801 620 873 fuisse
640 799 793 894 insignis,
814 817 918 892 quam
935 794 1041 864 virtu-

73 933 166 1004 tibus
178 931 369 1016 'videbitur3
388 939 576 1000 statuamus
598 947 679 996 vero
696 921 799 993 simul
817 939 953 990 necesse
964 916 1041 1006 erit,

72 1069 144 1128 tam
160 1055 247 1125 uitia
268 1051 484 1148 philosophi,
505 1073 609 1146 quam
628 1048 786 1134 virtutes,
808 1040 953 1112 illustria
965 1037 1044 1109 fuis

70 1202 128 1268 se,
146 1176 360 1271 eundemque
379 1175 552 1268 utrisque,
575 1167 755 1266 quodfere
778 1162 1046 1236 animadvertere

74 1305 109 1370 io
127 1301 257 1394 magnis
279 1299 359 1371 viris
379 1299 473 1388 licet,
494 1294 694 1391 aequalibus
713 1288 922 1362 excelluisse.

466 1571 652 1602 -ι-*ο-α

291 1805 566 1874 tmsrornunln
585 1801 850 1866 PHILOSOPHIAE

403 1971 737 2036 CHARACTERISMUS.

128 2159 260 2250 Quodsi
277 2163 350 2256 jam
366 2157 506 2230 tandem
527 2155 757 2228 characterem
777 2153 971 2250 quaerimus
983 2149 1058 2248 phi·

81 2284 261 2380 losophiae
285 2281 528 2370 Aristoteleae,
549 2281 666 2375 paucis
688 2277 945 2350 adumbrandus
967 2277 1059 2348 vide·

80 2419 157 2477 tur.
206 2403 312 2491 Nem,
352 2411 393 2470 ut
425 2399 522 2470 Plato
556 2398 750 2488 hominem,
783 2399 831 2468 ita
862 2398 1061 2470 Aristoteles

69 2527 286 2598 'universum
306 2522 472 2618 spectavit
485 2522 647 2608 maximos
669 2543 738 2615 quo
760 2519 900 2610 facturn,
922 2519 1063 2592 utAris-
1142 2513 1149 2528 ”

84 2648 236 2721 toteleae
260 2645 436 2718 doctrinae
457 2645 599 2715 varietas
621 2644 666 2714 sit
689 2641 823 2714 infinita
844 2643 927 2713 lere.
966 2643 1064 2714 Plato

81 2773 182 2842 enirn
210 2793 319 2865 quum
351 2791 392 2840 ex
413 2766 550 2838 homine
572 2766 740 2862 principie
761 2767 924 2858 duceret,
946 2789 967 2838 e
988 2767 1064 2862 qui·

86 2896 158 2966 bns
179 2893 304 2963 artium
326 2891 479 2962 omniurn
500 2889 827 2985 disciplinarumque
845 2915 925 2963 cnm
945 2903 1066 2962 natine

87 3016 339 3113 explicaretur,
371 3025 446 3086 turn
476 3013 564 3084 ratio
594 3011 820 3104 indicaretur,
855 3025 931 3084 turn
964 3015 1065 3084 etiam

88 3137 330 3236 ostenderetur
362 3135 442 3207 finis
476 3148 511 3206 et
544 3136 777 3231 propositum:
813 3135 919 3230 idque
953 3149 1067 3230 ageret

88 3259 230 3332 assiduo
264 3257 401 3348 studio,
436 3282 505 3354 quo
539 3259 665 3330 certius
696 3271 731 3329 et
756 3257 902 3330 hominis
928 3259 1067 3332 institu-

89 3383 181 3456 tioni
209 3395 244 3453 et
277 3405 392 3452 rerum
425 3381 642 3476 publicarum
671 3381 774 3452 saluti
795 3383 1067 3478 prospiceretur,
1125 3435 1127 3440 .

88 3505 262 3602 principia
286 3485 346 3574 illa
375 3527 484 3599 pauca
505 3503 673 3599 quaedam
694 3517 809 3576 erant:
833 3505 1069 3583 reserebantur

89 3627 198 3700 unice
233 3625 277 3696 ad
308 3626 489 3723 pulcrum,
522 3627 567 3698 ad
599 3627 750 3717 bonum,
777 3628 820 3698 acl
844 3634 1001 3724 justum,
1024 3630 1069 3702 ad

90 3759 253 3824 sanctum
275 3747 517 3844 divinumque:
551 3749 801 3846 scribendoque
822 3751 1069 3850 philosophus,

90 3894 322 3970 quaecunque
353 3871 520 3944 tractabat
552 3885 771 3968 argumenta,
794 3898 928 3973 semper
951 3875 1070 3946 eadem

92 3993 177 4086 illa,
209 3991 257 4068 rit
287 3990 559 4090 πολυθρύλλητα,
581 4007 622 4068 ut
644 3998 718 4093 ipso
738 3999 806 4088 ait,
829 4021 1071 4072 commemora·
1165 4043 1168 4047 -

882 4119 926 4191 12
