2836 5080
509 471 707 542 n-51-

132 661 204 756 puli
240 673 335 752 sunt,
370 662 560 760 Xenophon
582 676 617 734 et
638 662 746 734 Plato.
796 663 880 734 Nem
900 677 1045 762 uterque
1063 661 1100 736 id

131 783 246 856 dedite
271 786 375 881 opera
399 787 482 880 ogit,
505 797 556 876 ut,
576 811 655 858 eum
676 783 896 857 Antisthenes
907 798 943 856 et
955 785 1100 884 Aristip·
1128 859 1132 868 ,

129 932 194 1002 pus
226 907 264 978 in
295 919 442 980 extrema
466 909 578 980 omnia
599 909 745 997 abirent,
767 909 881 1004 ipsum
904 907 956 980 illi
978 910 1101 1003 magis-

130 1039 223 1100 trum
245 1053 321 1102 oum
344 1029 477 1124 agendo
499 1029 665 1102 referrent
685 1043 760 1102 tum
779 1029 961 1102 scribendo
983 1033 1101 1126 expri-

127 1163 271 1222 merent.
320 1151 361 1222 Et
386 1152 576 1248 Xenophon
598 1153 739 1248 quidem
760 1155 809 1225 sio
829 1175 866 1224 se
891 1153 935 1224 ad
957 1154 1101 1226 Socratis

125 1273 273 1366 effigiem
294 1274 498 1365 informavit,
524 1287 564 1347 ut
586 1275 763 1369 ingenium
786 1299 967 1378 moresque
983 1276 1101 1348 docto·

126 1396 170 1468 ris
206 1397 242 1466 in
274 1400 366 1470 omui
395 1399 502 1494 ipsius
520 1399 692 1493 cogitandi
712 1399 950 1496 sentiendique
971 1401 1101 1472 ratione

128 1527 302 1612 paterent:
325 1519 419 1616 quod
439 1521 574 1617 scriptis
595 1523 665 1594 suis
689 1522 846 1593 omnihus
865 1523 1021 1618 probavit
1039 1543 1101 1594 no·

128 1639 193 1712 h's.
242 1640 338 1713 Plato
361 1653 496 1738 praeter
515 1643 688 1714 Socratem
710 1643 792 1716 alios
803 1656 952 1716 sectatus
964 1657 1016 1716 est
1026 1642 1101 1740 phi-

128 1761 299 1860 losophoS,
324 1763 520 1858 Megaricos
545 1764 722 1854 Eleadcos,
742 1764 985 1860 Pythagoreos:
1011 1767 1101 1860 ipsos

126 1887 222 1979 adiit,
253 1888 478 1982 cognoscendi
511 1889 642 1977 caussa,
673 1885 858 1982 Aegyptios
892 1887 1101 1958 Sacerdotes.

126 2009 356 2084 Veruntamen
386 2011 616 2108 quodcunque
645 2010 785 2081 aliunde
816 2011 1036 2106 suscipiebat,
1059 2009 1104 2080 ad

124 2135 271 2208 Socratis
304 2135 341 2206 id
360 2136 525 2208 rationem
547 2133 780 2223 conformavit,
803 2144 843 2204 ut
863 2133 999 2226 ingenio
1013 2131 1103 2205 doe·-

125 2258 284 2352 triuaque
306 2259 513 2330 Socraticos
536 2268 624 2328 esset
656 2255 894 2351 philosophus.
944 2255 1020 2344 Quo
1042 2256 1103 2349 igi·

125 2390 185 2450 tur
206 2401 409 2470 cognoscere
431 2379 573 2448 interius
595 2377 800 2471 pleniusque
814 2377 1104 2472 utrumquelmne

125 2498 273 2572 Socratis
307 2497 485 2569 alumnum
519 2497 846 2592 praestantissimum
868 2500 980 2568 conati
1002 2498 1102 2570 fueri·

124 2645 226 2710 mus,
250 2643 291 2692 eo
312 2620 424 2692 verius
448 2619 546 2690 nobis
570 2618 615 2690 de
635 2620 711 2714 ipso
733 2619 869 2690 Socrate
895 2630 1045 2693 statuere
1065 2619 1103 2690 li·

125 2745 230 2818 cebit.
281 2743 473 2832 Praeterea,
508 2753 548 2814 ut
570 2765 633 2837 pro
656 2753 853 2813 naturarum
876 2742 1104 2836 ingeniorum*
1143 2772 1145 2776 ’

127 2891 195 2962 que
209 2866 425 2955 'diversitate
448 2865 550 2938 ambo
571 2865 623 2935 illi
646 2863 778 2936 diverse
798 2866 835 2934 in
852 2865 1013 2958 magistro
1022 2884 1104 2937 oum

126 2987 284 3060 sdnureti
312 2999 412 3077 eunt,
446 3000 522 3060 turn
556 2986 738 3058 suibendo
767 2997 1027 3080 expresserunt,
1055 2987 1104 3057 ita

125 3110 250 3182 similis
284 3110 320 3180 in
342 3109 522 3204 utrimque
552 3107 693 3198 studiis,
717 3107 948 3204 opinionibus,
968 3117 1103 3178 sentens·

128 3235 206 3324 tiis,
240 3233 374 3329 placitis
405 3235 489 3304 item
512 3231 725 3325 decretisque
748 3229 972 3324 gravissimis,
994 3227 1104 3310 rnnlta

128 3357 362 3450 repedantur,
378 3352 505 3449 quilius
525 3353 711 3424 observatis
729 3349 924 3445 diligenter,
941 3371 1010 3420 non
1026 3373 1102 3446 pos·

126 3501 250 3552 smnus
271 3501 339 3552 non
362 3477 455 3566 inde,
477 3476 588 3571 quelle
611 3475 747 3568 iugenio
768 3475 950 3569 animoque
972 3486 1006 3544 et
1027 3474 1102 3568 ipsd
1161 3493 1165 3502 ·

128 3599 393 3698 philosophandi
440 3600 570 3672 ratione
615 3597 772 3670 Socratis
804 3593 924 3686 fuerit,
958 3593 1103 3672 efficere.

127 3724 218 3798 Sunt
251 3724 292 3794 in·
315 3722 371 3796 h‘n
393 3723 594 3819 praecipuae
623 3719 736 3816 pulcri
757 3719 907 3814 bonique
928 3717 1104 3802 studium,

130 3847 281 3920 ementis
312 3867 426 3936 amor,
462 3845 587 3940 placita
619 3844 665 3916 de
691 3867 825 3934 amore,
848 3842 892 3913 de
914 3843 1104 3912 ultimorum

128 3969 396 4058 inmortalitate,
419 3967 464 4038 de
483 3967 600 4039 (trost
624 3971 758 4059 meno,
776 3980 850 4038 turn
862 3962 1104 4036 vemomuium

909 4084 963 4153 ζμ
