2828 5098
469 489 688 562 ---169Ἢ

91 685 377 781 complecterctur
408 682 579 755 doctrinas
612 687 843 777 gratissimas,
875 715 893 757 a
920 693 1061 784 posteris

92 807 163 880 fere
195 830 329 878 summo
351 805 467 878 studio
489 819 647 878 tractatas
668 808 944 904 deberemque,
970 828 1060 886 onto-

90 930 240 1024 logiam,
272 927 546 1024 psychologiam,
567 929 791 1026 theologiam,
812 934 1060 1028 cosmclogiam.

142 1053 316 1141 Quantum
337 1050 390 1122 his
412 1051 571 1123 omnihus
593 1055 865 1150 gravissimisque
884 1056 1061 1129 moliendis

88 1175 288 1264 discesserit
309 1199 329 1246 a
352 1173 492 1244 Platone
514 1174 733 1267 Aristoteles,
754 1177 921 1250 ridemus.
971 1180 1061 1275 Illud

86 1319 171 1369 vero
198 1321 267 1368 non
304 1297 671 1393 praetermittendum,
700 1299 818 1370 abesse
834 1301 1002 1393 multum,
1022 1315 1063 1374 ut

85 1423 181 1516 ipse,
210 1421 306 1516 quasi
342 1433 430 1492 esset
446 1443 576 1516 ,reapse
603 1421 702 1511 talis,
735 1421 871 1518 qualem
901 1423 1061 1494 informa-

88 1545 160 1633 rit,
193 1545 350 1640 sapiens,
373 1545 519 1638 tradere
538 1543 728 1614 doctrinam
749 1521 865 1636 illam,
885 1549 1059 1635 omnium,

85 1688 177 1761 quae
188 1665 273 1760 fingi
287 1677 445 1762 possunt,
464 1655 695 1736 doctrinarum
710 1668 901 1761 principem
918 1693 957 1740 ac
971 1693 1061 1740 sum·

85 1813 198 1878 mam,
236 1801 378 1860 conatam
402 1786 517 1858 hierit.
567 1785 767 1858 Methodum
788 1788 847 1858 ille
867 1792 1060 1862 tractandae

84 1909 342 2007 metaphycicae
368 1911 497 1999 docuit,
532 1933 602 1981 non
632 1910 896 2006 metaphysicam
930 1915 1059 2008 ipsam3

86 2055 176 2128 quae
205 2034 412 2130 optimorum
444 2055 661 2128 quorumque
680 2033 869 2106 recentiore
886 2057 969 2106 aevo
991 2059 1060 2106 me·
1171 2051 1175 2060 ’

86 2155 366 2255 taphysicorum,
401 2156 509 2251 ipsius
543 2154 628 2226 adeo
649 2153 764 2226 Kantii
785 2156 969 2252 prudentia
990 2181 1059 2229 mo

84 2279 265 2376 dastiaqoe
288 2278 365 2349 fuit.
416 2279 597 2349 Caeterum
610 2303 780 2372 magnum
801 2279 905 2352 fuisse
918 2293 1060 2378 etprae-

84 2401 220 2474 clarnm
250 2399 444 2494 philosophi
473 2393 665 2489 consilium,
691 2423 800 2494 quum
817 2403 921 2473 talem
932 2404 1059 2476 doctri·

83 2545 168 2594 nam
205 2537 424 2616 supremam,
447 2520 584 2616 qualem
604 2533 719 2592 mente
731 2536 959 2618 conceperat,
980 2549 1058 2597 cum

84 2643 309 2734 adumbrare,
330 2655 405 2714 tum
423 2642 586 2714 methodo
604 2643 772 2714 instruere
791 2643 978 2734 niteretur,
1000 2667 1068 2728 ne,

85 2792 144 2840 mo
175 2779 250 2858 ert,
279 2767 341 2862 qui
369 2765 519 2837 dubitet.
568 2764 666 2836 Cavit
693 2765 741 2835 ita
762 2753 967 2862 praecipue,
989 2789 1056 2857 ne,

84 2887 222 2961 assiduo
247 2888 309 2960 illo
335 2911 448 2960 rerum
475 2886 682 2960 naturalium
710 2886 848 2978 studio,
879 2901 954 2960 tum
983 2891 1057 2986 ipse

84 3025 161 3083 tum
181 3011 342 3110 discipuli
363 3013 399 3082 in
420 3009 698 3082 materialismum
721 3022 756 3080 et
776 3009 980 3083 atheismum
1001 3013 1057 3084 de-

83 3133 295 3208 laberentur.
344 3133 429 3204 Nam
447 3134 477 3204 si
499 3155 568 3228 qua
589 3130 654 3202 alia
676 3131 826 3221 ratione,
849 3131 913 3202 hac
934 3133 970 3201 in
989 3134 1056 3226 pri-

83 3259 149 3328 mis
171 3256 271 3328 firma
293 3277 420 3352 ponere
439 3251 768 3350 etpsychologiaeet
781 3251 1056 3348 theologiaefim·

83 3381 245 3452 damenta
277 3390 418 3450 conatus
445 3388 509 3448 est.
558 3374 626 3446 Sed
650 3374 793 3468 logicam
820 3374 911 3445 idem
931 3388 966 3446 ct
985 3399 1056 3447 ma-

85 3483 303 3577 thematicam
332 3497 587 3575 demonstrandi
614 3495 814 3568 methodum
835 3497 879 3569 ad
897 3497 1056 3570 sublimia

84 3624 261 3698 tractanda
289 3622 538 3720 metaphysicae
557 3631 755 3715 argumenta
767 3653 788 3710 ,·
801 3620 846 3690 ad
865 3622 983 3717 ipsam.
994 3647 1056 3696 ex·

85 3746 278 3844 plicandam
313 3769 392 3818 cnm
411 3767 550 3834 rernm,
573 3755 649 3814 tum
674 3743 801 3832 animi,
819 3753 895 3816 tum
911 3746 1053 3835 mundi,

87 3882 161 3945 tum
184 3870 248 3943 Dei
267 3868 352 3942 adeo
372 3879 528 3938 naturam
544 3863 775 3936 adhibendam
796 3881 982 3944 asseratur
1004 3879 1056 3938 est

90 3989 305 4096 Aristoteles:
326 3989 362 4060 id
383 3993 579 4086 veroquam
601 3999 728 4058 temere
744 3989 920 4080 statuerit,
939 3986 1055 4062 Wolfii
