2824 5084
275 505 279 520 ·
382 595 385 604 ¹
498 507 716 580 ...213-

118 721 306 788 summam,
327 700 366 772 rb
391 696 538 796 ἄγαθον,
562 727 641 775 cum
660 703 855 798 ipsi‘mente
864 705 1090 801 intuerentur,

115 835 195 893 tum
217 821 383 910 docendo,
405 821 604 915 scribendo,
620 825 661 894 in
681 825 869 920 primisque
890 828 1020 922 agendo
1030 855 1088 903 exa
1211 803 1214 812 Ι

117 947 317 1042 primerent.
366 945 483 1016 Finem
512 948 684 1019 actionum
713 949 867 1027 omnium
890 973 1090 1046 supremum

117 1068 206 1138 illud
239 1066 404 1161 hahebat,
431 1068 525 1164 quod
555 1071 670 1165 ipsum
700 1083 789 1142 esset
808 1094 870 1166 per
891 1095 928 1142 se
952 1075 1089 1146 bonum.

116 1189 211 1277 Quae
230 1188 424 1285 philosophi
440 1193 632 1282 sententia,
652 1195 806 1288 quamvis
834 1197 1010 1290 aposteris
1020 1221 1090 1268 non

115 1313 196 1382 satis
224 1325 316 1384 recte
334 1313 532 1404 intellecta,
553 1327 668 1388 tamen
694 1315 740 1386 ab
761 1317 919 1390 omnibus
941 1331 995 1390 est
1016 1344 1090 1392 cer-

115 1436 213 1504 tatim
235 1436 417 1508 celebrata.
457 1431 550 1508 ¹Nam
574 1461 644 1512 nou
666 1437 753 1530 suit,
775 1439 870 1535 quod
883 1439 1089 1535 Academici,

114 1560 209 1655 quod
230 1561 459 1657 Peripatetici,
481 1563 575 1658 quod
594 1565 699 1635 Stoici
718 1575 823 1660 atque
841 1565 998 1662 Epicurei
1009 1567 1089 1638 ditr-

113 1682 250 1776 gentius
271 1685 488 1780 exquirerent
501 1738 513 1775 ,
526 1709 634 1780 quam
657 1712 849 1776 summum,
869 1690 963 1783 quod
986 1715 1090 1762 voca·

115 1807 220 1899 baut,
255 1811 389 1878 bocum.
440 1807 636 1898 Cemimus‚
653 1809 954 1904 quemadmodum
977 1812 1089 1883 valeat

114 1927 364 2002 haeePlatonis
375 1929 591 2027 philosophia
606 1930 651 2002 ad
662 1931 925 2022 Aristotelicam,
937 1929 1090 2003 sterilem

108 2052 209 2122 illam
230 2054 449 2149 ceteroquin,
472 2053 579 2124 veluti
603 2053 884 2126 foecundandam.
934 2055 1019 2126 Nam
1041 2056 1090 2126 sio

111 2175 314 2248 demum'et
334 2176 525 2250 obseruatio
542 2176 683 2250 naturae
705 2190 740 2250 et
759 2177 992 2251 doctrinarum
1003 2203 1088 2274 qua·
1204 2211 1208 2216 ·

113 2321 329 2391 rumcunque
345 2299 500 2366 studium
515 2299 668 2375 fructum
686 2300 837 2372 humano
859 2302 975 2394 generi
985 2325 1089 2396 prae-

115 2421 199 2497 bere
218 2419 430 2489 uberrimum
453 2429 579 2512 potest.
601 2409 603 2426 '
630 2417 698 2486 Sed
712 2417 778 2488 alie
795 2431 876 2488 sunt
896 2423 1011 2510 etiam,
1031 2446 1095 2494 nec

113 2542 228 2618 minus
253 2565 334 2633 sane
360 2564 484 2634 magna
509 2552 544 2610 et
564 2540 757 2636 praeclara,
781 2538 907 2634 quihus
934 2541 1093 2634 prodesse

88 2759 91 2764 .
115 2664 352 2736 Aristotelicac
373 2662 609 2759 philosophiae
632 2662 805 2734 Platonica
826 2671 951 2758 potest.
1088 2747 1092 2756 ¹

165 2794 328 2866 Distinxit
349 2791 550 2864 Aristoteles
578 2792 776 2882 doctrinas,
796 2804 836 2863 ut
853 2791 1012 2887 singulare
1026 2795 1092 2864 sin-

114 2918 259 3014 gulatim
282 2929 510 2990 tractarentur
530 2928 623 3019 apte,
645 2917 788 3012 ipseque
810 2939 927 2987 earum
944 2903 1088 2988 tractan-

115 3039 237 3112 darum
267 3051 302 3108 et
330 3039 495 3112 rationem
527 3037 730 3132 significarit
750 3049 786 3108 et
805 3038 962 3132 exempla
981 3037 1089 3109 dedit.

115 3163 184 3235 Sed
206 3163 368 3257 conjungi
388 3161 528 3232 eaedem
548 3163 654 3257 inque
675 3173 878 3234 concentum
888 3160 1010 3254 redigi,
1021 3185 1091 3256 quo

117 3294 243 3364 rectius
275 3293 492 3382 colerentur,
512 3289 697 3361 debebant.
723 3289 766 3361 ld
783 3313 863 3361 vere
880 3291 964 3360 item
981 3289 1091 3362 facere

117 3414 267 3508 neglexit
292 3411 512 3486 Aristoteles:
536 3413 665 3508 quique
675 3422 754 3507 post
764 3435 843 3482 eum
855 3411 1004 3488 condere
1012 3414 1092 3482 uni-

117 3559 248 3610 versam
264 3539 388 3610 artium
404 3536 704 3629 doctrinarumque
716 3525 1009 3630 encyclopaediam
1021 3559 1091 3605 sus

116 3661 316 3750 tinnerunt,
336 3660 373 3728 in
395 3657 522 3754 quibus
544 3655 631 3728 Baco
652 3657 846 3752 praestitit,
869 3657 929 3750 qui
951 3657 1092 3728 caeteris

117 3781 189 3854 fere
212 3781 301 3852 viam
321 3781 478 3878 praeivit,
499 3777 592 3851 haud
617 3778 764 3870 inutile,
785 3777 903 3860 fateor,
916 3780 1091 3873 negotium
1176 3791 1179 3808 ’
1205 3857 1208 3863 f
1237 3831 1244 3846 ,

62 3915 64 3919 ’
120 3903 356 4004 perfecerunt,
377 3901 444 3974 sed
459 3913 555 3972 tanto
579 3902 753 3997 proposito
774 3901 893 3998 impar.
915 3901 1099 3992 Disqreve
1225 3895 1227 3900 ’
1290 3970 1297 3986 ,

120 4039 220 4118 runt,
246 4022 281 4098 in
301 4025 424 4099 classes
447 4024 652 4118 redegerunt
674 4036 766 4096 artes
788 4035 823 4094 et
835 4022 1019 4114 doctrinas,
1028 4047 1097 4096 non
