2836 5080
477 473 670 546 „77-

98 693 198 742 mores
225 682 261 739 et
291 670 499 757 varietatem,
533 681 606 738 tum
636 688 716 736 vero
737 668 851 755 etiam,
874 691 959 760 quae
985 691 1052 740 non

97 793 230 862 minima
264 793 338 884 ejus
360 789 526 878 lausest,
549 765 592 858 od
614 786 819 882 pingendam
840 785 942 881 plane
959 786 1052 858 Atti-

97 918 124 986 ei
145 913 267 1009 populi
289 937 327 984 ao
348 912 492 982 civitatis
512 907 727 982 Atheniensis
751 909 913 998 indolem,
933 933 1052 1000 mores,

98 1038 291 1126 levitatem,
311 1037 462 1129 regimen
484 1057 667 1130 rerumque
697 1035 847 1106 omnium
870 1036 1058 1106 inoonstan·

98 1163 179 1231 tiam
208 1186 245 1232 ao
266 1159 533 1232 fluctuationem.
584 1157 689 1253 Apud
712 1155 973 1252 Aristophanem
997 1181 1059 1252 po-

97 1282 199 1378 pulus
234 1294 285 1352 est
318 1283 389 1352 seni
419 1279 591 1350 surdastro
620 1279 751 1369 similis,
784 1303 886 1374 quem
910 1279 1060 1350 illudunt

99 1406 208 1499 pueri:
262 1390 264 1398 Ι

550 1502 607 1601 νῷν
634 1500 703 1600 γάρ
725 1499 773 1589 iar
796 1499 956 1589 δεσπότης

161 1618 337 1722 ''Ayporaoe
364 1622 477 1721 ὀργὴν,
499 1624 715 1720 κυαμοτρὼξ,
735 1623 944 1722 ἀκράχολος,

168 1749 280 1840 Δῆμος
303 1749 481 1838 monem,
504 1744 665 1820 δύσκολον
686 1746 868 1844 γερόντιον,
902 1763 906 1770 ’

171 1867 487 1966 ὑπόκωφον()

144 2015 307 2085 Similiter
328 2014 423 2084 Plato
446 2015 593 2086 eundem
615 2015 794 2110 descripsit
805 2017 840 2084 in
854 2013 993 2086 Politia
1005 2040 1068 2111 po·

99 2137 233 2232 pulum,
258 2161 326 2208 non
348 2138 482 2207 imitans
500 2135 641 2232 quidem
663 2141 813 2232 peritam,
836 2138 928 2234 quod
949 2138 1068 2210 cadere

99 2260 134 2328 in
157 2259 264 2330 talem
280 2261 390 2330 virum
410 2285 479 2331 non
501 2273 654 2354 poterat,
678 2261 738 2333 sed
761 2273 874 2330 tamen
901 2263 949 2333 sie
968 2261 1069 2332 infor·

99 2407 197 2452 mans
229 2382 350 2475 populi
380 2383 571 2472 imaginem,
591 2395 630 2452 ut
651 2382 809 2453 debuisse
829 2385 983 2454 nonnihil
1007 2407 1068 2456 eo-

100 2505 194 2574 mico
220 2501 387 2571 videatur.
437 2501 495 2571 Est
518 2499 611 2595 apud
633 2517 712 2570 eu'm
735 2500 949 2572 Atheniensis
960 2529 1073 2598 popu-

99 2625 156 2702 lus
189 2624 303 2696 elassis
324 2625 549 2717 gubernator,
571 2620 703 2721 μεγέθει
723 2627 784 2718 μὲν
805 2626 861 2698 καὶ
880 2621 971 2720 ῥώμῃ
994 2629 1073 2720 ὑπὶρ

103 2755 188 2832 τοῦςΙ
214 2744 247 2822 ἐν
271 2749 312 2843 τῇ
335 2744 385 2835 νηῒ
404 2745 576 2838 ἅπαντας,
605 2745 830 2842 ὑπέκωφος
862 2745 977 2823 δὲκαὶ
1003 2748 1075 2844 ὁρῶν

106 2869 259 2948 ὡσαύτως
297 2867 418 2968 βμχῦ
462 2899 494 2942 τι
538 2873 594 2942 καὶ
628 2866 816 2978 pyritem
850 2871 922 2966 περὶ
958 2897 1073 2944 ναυτι-

106 2987 170 3064 adv
192 2989 287 3087 ’ἕτερα
308 2999 446 3066 τοιαῦτα
469 2991 549 3088 (†).
577 2991 668 3079 Quid
690 2989 818 3086 plura?
855 2991 941 3060 Cum
962 3003 1073 3060 totum

104 3137 140 3184 se
176 3114 326 3186 dedisset
360 3113 600 3211 Aristophanes
625 3117 668 3184 ad
692 3138 802 3186 mores
822 3123 1073 3206 repraesentan-

105 3235 166 3307 dos
190 3239 310 3308 aetatis
341 3261 438 3328 suae,
463 3249 502 3308 ut
525 3236 696 3308 comoedia
719 3235 812 3331 apud
833 3235 946 3329 ipsum
969 3245 1075 3324 esset,

106 3359 200 3453 quod
232 3360 348 3431 Cicero
372 3362 440 3450 ait,
474 3363 631 3430 imitatio
655 3362 769 3440 vitae,
796 3358 974 3452 speculum
996 3383 1076 3428 eon·

106 3485 324 3574 suetudinis,
348 3488 467 3580 imago
495 3487 664 3554 veritatis
691 3479 763 3578 (A),
785 3481 902 3570 Plato,
925 3482 1003 3574 qui,
1037 3492 1076 3550 ut

104 3606 343 3702 philosophus·
359 3623 450 3696 erat,
483 3609 532 3676 ita
553 3631 621 3678 non
643 3605 756 3676 minus
780 3617 850 3674 erat
873 3603 1076 3674 dramaticus

107 3795 323 3808 W
367 3792 369 3796 .

140 3911 180 3980 t)
201 3915 289 3978 nqua.
305 3929 338 3960 vs·
355 3911 397 3960 ⁴⁰.
467 3907 504 3976 (ψ)
520 3909 600 3974 ruo,
620 3911 649 3958 a
668 3911 772 3976 raptu.
792 3909 835 3958 vr.
859 3907 910 3957 rsa
929 3906 959 3954 Α,

143 4002 450 4070 ffifflwmm
710 4011 712 4020 .
