2824 5084
358 507 365 514 .
451 386 690 500 'unns-

94 625 236 717 legisse,
268 621 329 692 sed
363 623 533 696 censuisse
561 625 683 713 etiem,
714 645 755 694 ex
782 625 891 718 iisque
907 623 952 694 nd
971 637 1063 696 tecte
1113 711 1116 715 .

91 743 402 842 philosophandum
432 744 629 841 profecisse,
665 757 817 828 constat,
852 757 892 818 ut
929 747 959 817 si
998 745 1063 820 hoo

90 871 201 943 nnu‘m
232 889 294 962 per
323 878 430 940 totam
462 869 568 940 vitam
602 867 809 960 snotite'sset,
842 871 898 942 vix
919 869 991 940 vits
1009 868 1063 940 his

88 989 214 1062 studiis
239 987 410 1062 suffecisse
429 989 597 1082 videntur,
620 991 781 1088 idemque
803 991 864 1062 ille
883 993 920 1064 in
939 990 1065 1062 doetis-

88 1115 183 1184 simis
216 1109 411 1184 hominibus
439 1115 664 1209 praecipuum
699 1114 813 1186 locum
846 1114 1063 1186 obtinuisset.

88 1235 183 1306 Idem
205 1235 427 1306 statuendum
449 1235 494 1306 de
519 1237 678 1310 Cicerone
698 1249 768 1308 est:
790 1238 850 1332 qui
870 1235 999 1333 pariter
1015 1249 1064 1308 ot·
1164 1269 1165 1277 ¹

88 1383 159 1454 que
179 1357 378 1430 Atistoteles
401 1361 791 1458 proptertmultiplicem
809 1359 897 1432 hano
909 1369 1063 1430 veterum

88 1483 295 1579 scriptorum
317 1507 356 1554 ee
376 1481 685 1579 philosophorum,
709 1485 769 1580 qui
792 1506 949 1577 maguam
969 1503 1063 1552 nunc

87 1616 221 1700 partem
236 1605 463 1695 interierunt,
485 1605 676 1695 lectionem,
697 1607 856 1701 princeps
877 1603 1063 1676 nobiseue
1089 1595 1093 1612 ’

86 1741 144 1800 tor
161 1740 213 1800 est
233 1727 396 1800 historiae
416 1753 497 1800 cum
515 1729 682 1804 literariee
702 1741 777 1799 tum
795 1725 1062 1822 philosophicae.

86 1852 206 1946 ltaque
235 1863 380 1947 uterque
401 1851 457 1924 hie
469 1851 701 1947 philosophus
717 1862 810 1922 recte
827 1847 974 1922 subinde
991 1871 1062 1918 ec-

86 1973 216 2044 lecticis
248 1973 462 2071 philosophis
496 1986 737 2046 annumeratus
768 1984 820 2046 est
848 1970 911 2070 (³⁵).
962 1967 1071 2058 Quod,

39 2136 40 2142 κ
88 2097 245 2168 universe
278 2075 348 2171 dici
379 2098 424 2168 de
450 2099 680 2206 Romanprum
701 2094 913 2192 philosophis
934 2104 1060 2190 potest.

86 2220 217 2292 Nomen
237 2219 289 2288 illi
308 2221 449 2312 quidem
469 2245 489 2289 a
513 2222 614 2292 sectis
635 2219 841 2292 habuerunt.
874 2218 990 2290 Vocati
1005 2215 1063 2288 alii

84 2339 304 2429 Academici,
325 2338 383 2408 elii
410 2338 536 2426 Stoici,
558 2339 616 2408 elii
636 2339 802 2431 Epicurei,
828 2340 887 2408 elii
906 2341 973 2410 elio
994 2363 1063 2410 sec-

85 2476 203 2532 tarum
222 2459 360 2530 nomine
378 2469 481 2540 sunt,
501 2480 563 2529 nec
578 2469 692 2529 temen
707 2459 755 2528 itu
778 2469 867 2530 totos
884 2481 921 2528 se
946 2459 1064 2552 singu·
1104 2474 1107 2483 ·

85 2583 151 2654 leni
183 2580 321 2653 cuidem
345 2579 608 2676 philosophandi
630 2579 796 2652 formulae
817 2563 1004 2682 dederunt,
1024 2593 1065 2652 ut

86 2707 192 2800 huJ‘us
221 2703 329 2774 coacti
361 2703 534 2794 terminis,
563 2705 599 2772 in
624 2702 706 2776 elias
726 2727 796 2774 non
824 2715 1062 2786 excurrerent,

89 2826 241 2923 indeque
262 2825 428 2921 proficere
449 2839 628 2922 cuperent.
656 2827 770 2922 Spirat
792 2851 855 2922 per
873 2828 1077 2900 universnm

86 2952 235 3022 Senecae
269 2947 522 3045 philosophiam
554 2972 623 3020 non
654 2949 767 3020 minus
797 2948 934 3044 Epiemi
960 2973 1063 3043 quam

56 3137 59 3144 .
86 3073 234 3144 Zenonis
253 3069 419 3144 doctrina.
465 3071 508 3142 Et
527 3094 607 3142 sone
626 3082 699 3146 tota
721 3075 950 3146 Romanorum
968 3069 1063 3142 indo

86 3196 138 3268 les
161 3175 270 3268 eb'his
281 3195 518 3292 philosophiae
528 3195 693 3289 angustiis
704 3195 941 3290 omninoquea
963 3191 1063 3268 scho-

85 3319 142 3390 lae
178 3319 300 3392 umbre
323 3301 538 3404 abhorrebat,
589 3317 714 3396 Verum
733 3319 834 3414 pauci
854 3339 974 3388 eorum
987 3340 1063 3388 om·

85 3442 185 3512 nium
212 3439 370 3531 inerunt,
390 3441 474 3536 qui,
499 3441 602 3513 sicuti
623 3438 743 3530 Plato,
765 3439 995 3534 undecunque
1018 3437 1062 3510 ad

11 3637 12 3640 ,
85 3559 401 3660 philosophandum
424 3560 1064 3667 proficientes,quodndphilosophiee

99 3749 319 3766 ..mn—⁶

122 3869 159 3939 (Ἴ
177 3873 277 3938 Gousin,
295 3872 325 3921 do
343 3874 370 3920 lc
385 3871 499 3936 Mituph.
517 3869 621 3924 d‘An'st.
638 3889 661 3938 p.
679 3867 734 3922 vll.
760 3871 798 3922 Cf.
812 3869 898 3933 Euhie,
916 3868 1060 3920 Geschichta

88 3965 134 4014 dtr
146 3955 218 4016 Post.
238 3963 296 4016 Vol.
311 3963 356 4015 tv.
375 3979 400 4031 p.
419 3968 433 4015 7
452 3979 503 4031 sqq.
