2836 5080
715 458 897 528 ..50-

326 683 414 756 quae
454 662 602 730 monim
634 671 721 728 esset
751 658 903 730 felicitati
938 681 998 754 par
1030 658 1092 756 (⁴¹),
1153 659 1300 752 Longius

325 783 397 854 sere
420 779 628 877 discipulus,
647 781 742 876 quod
765 781 869 874 vulgo
892 780 1030 872 dieitur,
1053 803 1156 876 quam
1171 783 1300 875 magis-

327 919 401 993 ter,
433 903 610 999 procedit,
645 923 708 975 nec
736 926 812 975 raro
833 903 880 973 ita
904 902 948 973 ad
977 903 1125 974 absurda
1147 905 1301 999 proruitr

326 1029 418 1124 quod
451 1030 488 1098 in
512 1028 645 1125 Cynicis
667 1039 702 1097 et
723 1028 926 1123 Cyrenaicis,
951 1029 1126 1122 magisque
1146 1029 1247 1098 etiam
1263 1028 1301 1096 in

326 1153 445 1224 Stoicis
469 1163 503 1222 et
522 1151 708 1246 EpicureiS,
731 1151 861 1222 ratione
883 1149 1000 1220 habita
1019 1150 1301 1240 Socratis,cerni-

328 1287 392 1344 tur.
425 1274 520 1346 Abiit
539 1271 633 1368 apud
652 1273 733 1342 istos
756 1274 908 1366 magistri
934 1269 1113 1370 {yspania
1131 1274 1167 1342 in
1186 1273 1303 1368 adrap-

326 1397 425 1487 neioer,
450 1419 519 1468 non
542 1418 629 1478 eam,
646 1419 750 1490 quam
767 1396 826 1465 ille
843 1395 1056 1492 probaverat,
1069 1407 1108 1466 ut
1119 1397 1207 1491 quis,
1220 1397 1303 1466 mis-

326 1522 371 1590 sis
395 1519 536 1607 divitiis,
558 1516 756 1607 honoribus,
782 1511 1029 1613 voluptatibus,
1049 1541 1109 1589 sua
1127 1541 1164 1588 se
1176 1519 1304 1588 virtute

326 1641 531 1712 involveret:
564 1639 626 1710 sed
655 1664 743 1736 quae
779 1655 858 1712 cum
889 1642 1050 1737 superbiai
1082 1641 1304 1735 omniumque

325 1777 361 1834 et
395 1764 571 1835 hominum
599 1775 635 1832 et
658 1785 773 1834 rerum
798 1763 963 1858 despectu
993 1775 1081 1834 esset
1108 1767 1301 1857 conjuncta.

328 1888 574 1974 Veruntamen,
611 1885 705 1979 quod
736 1885 872 1956 moralis
909 1885 1145 1980 philosophiae
1180 1886 1303 1980 princi-

325 2012 422 2105 pium
443 2010 579 2097 attinet,
604 2007 708 2077 fuisse
733 2006 821 2076 illud
839 2009 875 2076 in
891 2007 1035 2079 Socratis
1056 2008 1210 2080 doctrina
1221 2033 1304 2102 prae

325 2133 466 2203 caeteris
485 2120 646 2201 omnibus
669 2149 863 2222 germanam
886 2127 1090 2228 hyspanias,
1114 2155 1156 2202 ex
1184 2155 1301 2204 eorum

324 2253 511 2342 doctrinis,
528 2251 828 2347 qualibuscunque
846 2253 998 2344 tandem,
1014 2267 1114 2351 patet
1137 2255 1298 2328 dilucide.

325 2379 418 2452 Idem
451 2376 637 2449 dicendum
668 2377 713 2446 de
733 2377 958 2450 sectatoribus
979 2380 1124 2450 somatis
1144 2379 1298 2467 videtur,

325 2500 419 2596 quod
440 2499 485 2570 de
507 2499 580 2596 ejus
605 2499 820 2596 philosophia
841 2499 924 2572 dixi.
948 2502 1299 2592 Dubitamus,utrum

324 2626 430 2718 magis
463 2647 504 2694 ex
533 2623 671 2696 illorum
705 2623 839 2718 placitis
862 2624 1006 2696 Socratis
1029 2627 1204 2718 ingenium
1226 2649 1300 2694 mo·

323 2757 446 2840 'resque
479 2745 688 2834 efficiantur,
713 2768 758 2814 an
788 2744 920 2816 indoles
942 2747 1005 2816 viri
1027 2747 1133 2842 magis
1155 2747 1198 2816 ad
1219 2769 1300 2842 per-

323 2865 481 2962 cipienda
503 2865 640 2960 penitus
663 2877 699 2936 et
722 2866 924 2938 illustranda
946 2867 1084 2940 illorum
1106 2870 1300 2966 placitave-

324 2991 402 3060 leat.
432 2987 522 3060 lllud
545 2999 639 3059 extra
659 3011 792 3060 omnem
812 2989 1061 3064 dubitationem
1072 2995 1223 3088 positum
1234 3007 1297 3084 est,

321 3115 459 3186 elucere
502 3111 738 3207 dominarique
780 3125 849 3185 tam
894 3117 929 3185 in
965 3117 1141 3188 Socraticis
1176 3119 1297 3207 sectis,

324 3261 429 3334 quam
451 3237 488 3306 in
510 3233 727 3332 philosophia
748 3237 928 3328 Socratica,
952 3240 1058 3333 ipsius
1081 3239 1226 3311 Socratis
1250 3242 1299 3312 in-

323 3361 473 3454 genium.
1270 3371 1276 3380 '

326 3519 329 3528 ·
371 3482 500 3574 Quodsi
534 3482 745 3555 ehuetibus
770 3482 945 3576 arborem,
970 3507 1010 3556 ex
1033 3486 1195 3582 operibus
1217 3509 1299 3558 aue-

323 3619 432 3677 torem
451 3627 652 3698 cognoscere
671 3607 828 3696 velimus,
848 3605 1084 3680 considerandi
1106 3609 1299 3705 nobisprae

323 3728 463 3802 caeteris
498 3727 656 3802 omnibus
678 3729 825 3800 maxima
847 3732 998 3822 germani
1021 3731 1167 3806 Socratis
1189 3733 1299 3806 disci·

334 4011 338 4016 ·
357 4000 392 4070 r)
413 3991 512 4067 sitires,
531 4003 598 4054 aas.
618 4003 648 4063 a
663 4004 762 4054 meaa.
780 4003 836 4053 vot.
854 4003 898 4055 tv.
915 4019 940 4071 p.
959 4003 1017 4053 aaa.
1095 3991 1097 3996 '
