2836 5080
718 445 900 516 ..232-

285 705 289 715 ,
323 658 394 714 tem
424 642 626 737 probaverit.
677 641 759 712 Nam
789 654 828 712 ut
850 643 926 738 quis
949 645 1093 713 maxime
1113 656 1221 716 semet
1240 646 1295 740 ip.

323 793 399 839 sum
425 765 579 859 subegit,
615 765 834 848 itamaxime
854 767 890 834 in
909 765 1010 855 alios,
1032 790 1118 860 qnos
1141 767 1293 862 spernit,
1409 790 1410 803 ¹

323 890 487 962 dominari
510 887 606 959 solet.
644 887 705 957 llle
719 900 845 978 antem,
869 909 956 982 qnae
975 888 1136 960 Veterum
1155 900 1293 960 senten-

323 1015 370 1082 tia
392 1025 465 1102 est,
491 1015 545 1082 tta
566 1013 761 1104 injudicio
783 1015 916 1106 capitio
930 1037 1006 1105 pro
1029 1035 1065 1082 se
1085 1015 1164 1106 ipse
1182 1013 1290 1100 dicit,

322 1147 451 1206 utnon
471 1135 624 1229 suppleo
651 1144 715 1203 not
740 1159 844 1222 reno,
868 1135 931 1202 sed
949 1137 1124 1227 magister
1147 1145 1212 1206 ant
1232 1137 1293 1206 do-

322 1261 439 1328 minos
469 1258 656 1326 videretur
688 1281 761 1326 esse
784 1258 952 1350 judicum
978 1255 1039 1354 (ἢ.
1090 1255 1293 1345 Caeterum,

323 1380 416 1475 qnod
438 1382 520 1450 item
542 1379 737 1457 hominibus
761 1381 938 1474 proprium
958 1391 1032 1460 est,
1057 1381 1116 1474 qni
1140 1401 1239 1472 aegre
1254 1379 1294 1448 li-

323 1503 457 1574 bidines
499 1503 683 1596 insitasque
724 1503 959 1596 perveisitates
996 1513 1214 1598 compescunt
1254 1525 1295 1571 ac

324 1627 516 1722 corrigant,
542 1637 600 1714 nt,
625 1627 654 1695 si
679 1625 816 1720 quando
840 1649 881 1696 ox
906 1626 971 1697 hoe
989 1626 1169 1696 certamine
1188 1625 1293 1694 victo

323 1771 375 1819 res
397 1728 633 1836 discesserint,
664 1747 807 1818 mirifice
831 1749 899 1818 sint
924 1750 960 1818 in
984 1749 1077 1819 omni
1101 1748 1190 1818 vitae
1212 1770 1292 1818 eon-

321 1870 503 1941 snetndine
527 1871 720 1964 temperati,
747 1869 783 1938 id
804 1871 886 1940 item
908 1872 943 1940 in
966 1871 1102 1942 Socrate
1122 1869 1290 1964 apparuit.

320 1993 457 2064 Placido
481 2005 533 2062 cst
557 1991 616 2060 ille
638 2003 673 2060 et
690 2013 809 2061 sereno
829 1992 941 2063 animo
961 1993 998 2062 in
1016 1992 1119 2062 nullis
1141 2016 1211 2062 non
1221 2013 1292 2062 ser-

321 2115 497 2203 monibus,
523 2136 608 2207 qnos
627 2111 721 2207 apud
740 2113 1002 2209 Xenophontem
1022 2113 1145 2204 habet,
1160 2113 1239 2184 talis
1256 2113 1293 2182 in

320 2236 492 2332 plerisque
516 2217 665 2304 Platonis
686 2233 839 2328 dialogis.
865 2235 903 2304 ln
924 2233 1119 2308 Phaedone
1139 2234 1224 2306 adeo
1234 2235 1292 2304 in·

319 2371 389 2430 star
409 2372 461 2430 est
482 2359 553 2430 veri
574 2356 785 2454 perfectique
802 2359 973 2454 sapientis.
1000 2359 1055 2430 Sic
1071 2359 1154 2429 item
1171 2381 1291 2452 aequa-

319 2485 368 2555 les
393 2483 437 2554 de
458 2507 498 2555 eo
518 2483 633 2553 testati
653 2495 749 2552 sunt:
774 2483 866 2553 unde
888 2482 1101 2579 praeclarum
1122 2481 1210 2552 illud
1236 2481 1291 2574 Ci-

319 2609 448 2678 coronis
473 2605 518 2676 de
542 2629 582 2676 eo
595 2605 776 2700 J'ndicinm.
823 2606 989 2678 Socratis
1013 2609 1132 2680 voltus
1151 2631 1292 2700 semper

319 2743 401 2802 erat
422 2731 528 2818 idem,
554 2753 632 2798 enm
648 2731 795 2818 mentio,
820 2753 843 2798 o
865 2755 933 2826 qno
951 2735 985 2800 is
994 2731 1168 2825 fingitur,
1188 2729 1293 2800 cotta

308 2853 423 2947 fleret
443 2853 592 2921 mutatio
611 2847 683 2946 (†)
720 2849 808 2920 Hinc
832 2852 934 2922 etiam
954 2851 1216 2924 celebratissima
1232 2851 1292 2922 illa

319 2971 495 3074 ἒγκρατεὶω
516 2975 590 3044 viri.
623 2972 717 3060 Quae
736 2975 842 3046 virtus
863 2979 1015 3072 proxime
1035 2990 1178 3050 estcnm
1190 2979 1293 3050 nilne-

318 3098 453 3195 κρωτεὶᾳ
484 3100 676 3192 conjuncta.
729 3097 814 3167 Nam
838 3098 904 3169 sibi
932 3099 1105 3170 sufficiunt
1128 3101 1289 3188 maxime,

318 3221 526 3314 minimeque
550 3243 569 3288 a
588 3218 691 3288 rebus
709 3221 873 3312 externis,
897 3222 941 3292 ab
963 3221 1139 3294 hominnm
1162 3224 1290 3316 gratia,

318 3365 338 3408 a
364 3340 508 3410 nominis
530 3339 619 3410 fama
643 3353 677 3411 et
698 3341 913 3434 celebritate,
934 3345 978 3416 ab
1005 3345 1127 3439 opibus
1147 3357 1182 3414 et
1202 3345 1291 3415 divi-

318 3463 374 3532 tiis
398 3462 568 3556 pendent,
594 3465 654 3557 qni
673 3463 739 3534 sibi
759 3463 955 3558 plenissime
975 3467 1139 3561 imperare
1160 3466 1291 3540 didiae-

318 3597 411 3655 runt.
430 3587 504 3656 Una
528 3585 564 3655 hi
586 3588 800 3681 potissimum
811 3590 872 3656 sna
891 3590 1017 3660 virtute
1028 3593 1181 3662 contenti
1195 3572 1289 3662 sunt.

317 3707 417 3796 Quod
435 3709 508 3801 ipse
531 3707 623 3802 apnd
644 3708 819 3779 Platonem
838 3709 944 3780 nobili
964 3711 1023 3780 illa
1040 3711 1292 3785 inMononeno

351 3979 385 4047 Ρ)
404 3978 452 4026 cte.
472 3977 501 4024 de
521 3979 589 4026 Orat.
608 3976 629 4027 l.
645 3977 688 4029 54.
758 3975 795 4044 (†)
817 3981 888 4031 Tm,
906 3981 950 4032 111⁸
968 3982 1010 4030 15,
