2824 5084
685 492 934 610 -202--2

328 694 461 779 venire,
489 715 557 784 que
583 691 761 785 utriusque
786 688 1036 785 philosophiam
1057 711 1136 760 eum
1156 695 1303 783 eonJ'un-

328 838 482 910 geremus
505 827 605 911 apte,
637 827 711 886 tum
731 809 1014 886 conciliaremnsl

375 937 443 1010 Sed
465 939 670 1045 quominus
693 938 854 1032 conjungi
876 949 968 1008 reete
989 937 1085 1008 Plelo
1107 950 1143 1006 et
1170 936 1301 1008 Aristo·
1407 969 1408 976 ¹

328 1060 412 1132 teles
434 1071 592 1156 possent,
613 1058 742 1130 laetum
766 1060 910 1130 maxime
930 1081 1088 1154 perversa
1109 1058 1169 1129 illa
1192 1058 1299 1154 phile·
1347 1133 1353 1144 ,

327 1183 529 1280 sophorum,
550 1205 654 1278 quarn
674 1182 841 1272 diximus,
862 1181 1102 1254 commiscendi
1122 1193 1303 1253 consuetu·
1407 1177 1409 1278 l

327 1307 409 1378 dine
428 1318 495 1378 eet.
545 1306 618 1377 llee
648 1306 741 1376 enim
771 1305 971 1400 perturbata
1000 1328 1080 1376 eum
1102 1305 1138 1374 in
1160 1304 1304 1377 modum

328 1431 441 1502 omniu
460 1439 560 1520 sunt,
582 1440 621 1500 ut
641 1427 893 1524 desperandum
913 1426 983 1498 fere
995 1426 1049 1529 de
1067 1426 1305 1498 conciliatione
1369 1437 1376 1447 “

328 1552 513 1624 videretur.
579 1550 784 1646 Interpretes
818 1550 948 1622 scilieet
976 1552 1156 1645 utriusque
1189 1549 1304 1645 philo-

328 1673 427 1769 sophi
460 1697 529 1745 non
553 1673 859 1746 animadvertentes
891 1672 1092 1768 diligenter,
1124 1696 1195 1767 quo
1227 1696 1306 1744 emt

329 1799 426 1872 Pluto
444 1811 519 1871 tum
541 1798 739 1872 Aristoteles
759 1799 1000 1894 spectavisset,
1025 1799 1218 1870 excitarunt
1238 1796 1307 1868 sere

217 1923 224 1931 ’
329 1947 370 1994 ex
396 1931 542 2019 utmque
569 1923 760 2018 promisere
782 1922 853 1992 sive
871 1921 1015 2018 placite,
1037 1922 1109 1992 sive
1128 1919 1222 1992 dieta
1240 1943 1305 2014 po*

330 2045 399 2116 tius
419 2056 454 2114 et
475 2045 597 2134 verba,
618 2068 656 2114 re
674 2043 816 2139 quidem
841 2043 1088 2132 diversissima,
1109 2042 1171 2114 sed
1192 2053 1304 2112 umen
1339 2097 1343 2100 .

329 2166 443 2259 specie
460 2165 598 2235 similia:
619 2139 747 2259 quibus
766 2165 881 2235 mixtis
902 2165 1188 2260 tempemtisque,
1208 2163 1305 2234 inde-

329 2308 397 2378 que
425 2283 578 2355 contem
606 2285 722 2356 noeeio
751 2287 822 2380 qul
845 2284 1021 2376 doetrind,
1042 2284 1137 2358 eece!
1161 2289 1305 2380 conjun-

328 2407 417 2478 xisse
439 2429 476 2478 se
500 2406 674 2480 Platonem
698 2421 733 2478 et
756 2407 976 2496 Aristotelem
984 2407 1220 2480 autumabant.
1241 2407 1304 2479 Te·

329 2553 421 2601 mere
450 2553 531 2604 sane
563 2529 626 2601 illi.
688 2530 886 2602 Clauserunt
919 2532 1047 2604 scilieet
1077 2531 1216 2604 sibimet
1241 2533 1306 2628 ipsi
1403 2530 1404 2545 *

328 2655 440 2745 mam,
463 2677 552 2750 qnae
570 2654 615 2726 ad
631 2667 724 2726 recte
743 2654 1016 2749 conjungendum
1024 2655 1135 2745 ducit,
1146 2654 1306 2748 neglecte
1401 2688 1402 2694 ¹

329 2778 459 2870 quippe
488 2778 675 2848 necessario
701 2776 761 2864 illo
780 2776 1000 2852 discemendi-
1014 2777 1306 2874 dignoscendique

329 2897 451 2970 officie.
469 2897 546 2985 Quo
563 2897 740 2970 lubentius
751 2923 814 2972 nos
824 2924 928 2992 nunc,
940 2901 1096 2974 diseretis
1105 2902 1187 2973 dau
1201 2904 1306 2997 opert

328 3046 349 3090 a
372 3042 409 3092 se
432 3019 578 3092 invicem
600 3018 741 3092 Platone
764 3033 799 3092 et
822 3020 1016 3114 Aristotele,
1027 3023 1308 3096 cumviamhenc

330 3141 526 3234 recludere,
560 3156 635 3216 tum
654 3144 839 3239 pmcedere
863 3169 927 3243 per
944 3170 1027 3218 eam
1054 3146 1098 3217 ad
1125 3149 1308 3244 utriusque

329 3268 605 3361 conjunctionem
626 3265 854 3360 aggredimur.

295 3401 300 3414 ³
378 3388 724 3462 Animadvertendum
739 3392 900 3488 equidem
923 3391 989 3468 hee
998 3395 1306 3486 matisconenses,

329 3511 424 3582 aliud
458 3533 559 3602 esse,
588 3511 826 3587 dissentientes
854 3517 1094 3613 philosophos
1125 3519 1308 3590 conciliare

329 3655 464 3722 seeum,
492 3633 609 3726 eliud,
631 3638 936 3734 philosopherum
954 3641 1122 3735 placitu,
1148 3643 1306 3737 quamvis

231 3827 233 3834 ,
329 3755 499 3852 disparia,
523 3757 559 3828 in
588 3759 801 3832 concordiem
831 3760 1109 3859 harmoniamque
1138 3764 1306 3859 redigere.
1402 3815 1405 3857 q,

317 3880 396 3978 'lpsi
425 3880 620 3978 philosophi
639 3885 708 3976 illi,
729 3885 825 3958 Pluto
838 3899 883 3969 ¹et
905 3885 1125 3980 Aristoteles,
1144 3889 1231 3961 dmn
1251 3892 1307 3960 vi·
1348 3955 1351 3961 .

329 4019 464 4095 vetent,
489 4029 626 4097 vereor,
652 4022 691 4080 ut
716 4011 914 4104 ingratiam
932 4035 1204 4108 consensumque
1225 4039 1307 4084 mn·
