2824 5084
412 463 741 556 '-2as-·

98 685 241 780 legendo
264 683 453 755 Homeros
472 683 597 751 teneris
615 681 750 752 fuerant
773 679 913 773 'poeseos
936 681 1067 771 princi·

93 809 161 902 piis
184 807 325 880 imbuti:
901 869 904 880 .

416 929 439 972 o
463 930 550 1000 quo,
575 927 637 972 ceo
649 906 755 998 fonte
773 903 933 1000 perenni
945 951 955 986 ,

220 1019 351 1095 Votum
375 1024 521 1107 Pieriis
546 1051 615 1096 ora
638 1027 816 1120 rigantur
841 1027 958 1119 aquis.

94 1173 154 1240 Sic
184 1191 323 1265 quoque
356 1171 526 1264 agendum
562 1168 776 1266 philosophis
810 1181 886 1256 est,
918 1191 996 1237 nam
1017 1160 1070 1238 his

10 1279 11 1348 3
93 1294 178 1362 item
198 1304 235 1361 et
251 1292 441 1386 antiquitus
461 1291 528 1364 fuit
550 1305 585 1363 et
607 1293 804 1363 etiamnunc
829 1293 998 1362 Socrates
1020 1299 1071 1358 est

94 1415 254 1508 perennis
286 1411 523 1510 philosophiae
557 1413 656 1505 io'ns,
694 1415 888 1486 verissimae
915 1411 1072 1507 philoso-

95 1535 208 1632 phiae,
221 1548 261 1607 ut
277 1535 391 1608 dictus
403 1537 610 1632 habitusque
620 1537 665 1610 ab
677 1537 836 1608 omnihus
847 1548 912 1625 est,
919 1559 1070 1630 porcos.

94 1659 234 1754 ltaque,
263 1671 302 1730 ut
331 1657 375 1761 ad
401 1661 621 1754 propositam*
637 1658 735 1730 nobis
762 1658 996 1752 quaestionem
1018 1679 1073 1727 re·

92 1793 288 1871 vertamur,
318 1779 415 1851 abest
447 1781 617 1882 multum,
641 1793 680 1852 ut
702 1803 822 1877 pacem
840 1779 935 1850 illam
958 1777 1072 1874 philo·

93 1902 294 1998 sophorum,
316 1927 335 1972 a
352 1903 470 1974 multis
481 1916 652 2000 speratam
663 1904 838 2000 superiore
848 1901 996 1992 saeculo,
1009 1901 1074 1972 hoe

94 2025 210 2096 nostro
236 2025 373 2097 saeculo
404 2039 624 2122 expetamus:
641 2026 702 2097 sed
724 2025 836 2116 hunc,
858 2049 960 2120 quem
985 2023 1073 2093 dixi-

94 2173 194 2238 mus,
237 2147 522 2244 philosophorum
554 2148 598 2218 de
625 2149 803 2244 principiis
835 2127 1073 2244 philosophiae

92 2267 308 2357 consensum,
332 2269 437 2355 hunc,
461 2271 613 2360 inquam,
634 2271 703 2340 dici
723 2295 793 2340 non
817 2283 943 2364 potest,
964 2293 1074 2366 quan-

95 2405 213 2485 topere
242 2388 287 2457 ad
320 2399 413 2458 recte
434 2387 686 2456 instituendum
705 2388 970 2484 philosophandi
989 2393 1071 2483 iter,

93 2522 293 2608 expetamus
316 2522 420 2605 atque
440 2520 652 2604 exoptemus.
1003 2515 1006 2520 '

142 2633 326 2723 Nondum,
351 2631 480 2722 fateor,
504 2643 678 2728 compotes
700 2630 807 2726 hujus
830 2633 901 2704 voti
923 2631 1069 2704 factisu-

93 2783 191 2846 mus,
213 2779 277 2828 nec
296 2755 396 2826 facile
414 2753 503 2825 illud
528 2777 789 2849 consequemur.
823 2751 956 2826 (Affinis
979 2767 1070 2826 aetas

10 2895 12 2904 ’
91 2891 207 2952 nostra
229 2877 334 2950 nullis
356 2901 425 2948 uon
447 2879 537 2948 vitae
559 2890 639 2974 apte
666 2881 883 2973 suaviterque
893 2877 1070 2971 degendae

90 3001 419 3099 opportunitatibus,
440 3025 510 3096 quo
529 3001 656 3071 artium
683 2999 985 3094 doctrinarumque
994 3011 1070 3070 stu-.

90 3127 147 3196 dia
181 3125 296 3196 valent
327 3124 527 3220 plurimum.
578 3123 681 3195 Ferox
716 3125 799 3194 item
826 3123 1068 3194 excellentium

89 3240 304 3344 ingeniorum
338 3261 410 3336 est,
446 3261 486 3318 ut
508 3270 578 3318 nou
598 3247 736 3337 desint,
758 3249 819 3342 qui
841 3247 944 3318 rebus
965 3249 1070 3318 sacris

90 3384 127 3442 et
145 3371 292 3466 politicis
316 3371 589 3464 gravissimisque
605 3369 694 3440 vitae
704 3381 840 3440 nostrae
850 3369 976 3440 caussis
986 3393 1067 3440 oon-

90 3493 206 3566 sulant
236 3492 419 3588 praeclare.
470 3491 648 3563 Desiderat
682 3514 762 3562 vero
791 3491 910 3563 eadem
945 3491 1068 3563 haecce

91 3629 183 3686 aetas
205 3627 341 3706 nostra,
360 3614 604 3689 confitentibus
628 3615 880 3704 omnihus,vim
892 3613 1065 3686 moralem.

92 3738 273 3828 Attamen,
293 3761 365 3832 quo
386 3736 475 3809 hanc
496 3738 605 3831 magis
627 3709 871 3826 desideramus,
894 3761 936 3808 eo
955 3737 1066 3806 minus

91 3859 375 3934 committendum
406 3859 618 3955 philosophis
656 3872 736 3950 est,
769 3871 809 3932 ut
839 3861 876 3932 in
894 3857 1069 3930 tractanda·
1166 3933 1168 3942 ¹

92 4007 225 4056 summo
243 3983 358 4056 studio
379 3984 450 4054 sive
471 3983 793 4072 transscendentali,
814 3985 885 4054 sive
905 3994 1069 4080 natiuae,
1105 3995 1107 3998 ’
1141 4001 1142 4005 ’
