2828 5098
725 428 943 524 ’,146-

268 707 274 722 ,
346 661 445 730 minis
465 669 676 754 superarent,
698 679 767 728 non
790 655 935 724 mutarit
957 665 1083 744 tamen,
1105 651 1233 749 quibus
1256 656 1321 725 inr-

219 829 222 834 -
346 773 452 888 butus
474 779 519 850 ab
541 778 601 850 illo
617 777 738 866 fuerat,
750 774 1014 872 philosophandi
1023 776 1203 871 principia.
1231 775 1320 848 Tum

345 927 424 974 vero
447 901 537 972 idem
558 901 666 990 Plato,
691 913 770 972 cum
792 899 876 970 mira
895 911 983 970 esset
1006 899 1155 994 quadam
1176 903 1320 996 poeseos
1402 897 1403 934 ³

344 1025 517 1113 facultate,
536 1015 576 1094 tit
595 1045 663 1096 non
683 1019 794 1094 minus
816 1021 990 1094 videretur
1010 1023 1054 1092 ad
1064 1023 1204 1118 poesin,
1216 1047 1318 1118 quam
1399 1001 1403 1139 l

344 1147 389 1218 ad
410 1145 661 1243 philosophiam
680 1169 700 1214 a
723 1156 843 1214 natura
865 1121 1066 1234 destinatus,
1089 1146 1319 1216 cuminsatia-
1399 1148 1404 1211 l

344 1271 407 1344 bili
435 1281 528 1342 esset
554 1269 635 1338 item
658 1265 881 1361 cognoscendi
902 1267 1091 1362 cupiditate
1110 1280 1216 1363 atque
1237 1269 1319 1340 ulti·
1400 1296 1405 1405 p

345 1418 417 1466 mas
447 1405 553 1463 terras
585 1390 712 1489 adiret,
743 1402 795 1480 ut,
817 1390 912 1486 quod
933 1391 1050 1462 Cicero
1070 1391 1131 1480 ait,
1150 1395 1213 1462 adi
1234 1393 1320 1488 quid
1399 1410 1405 1563 q

345 1526 445 1596 esset,
470 1516 563 1612 quod
572 1517 667 1585 disci
681 1504 816 1609 poscet,
829 1541 867 1584 eo
880 1513 1091 1611 veniret(*),
1107 1514 1160 1584 his
1171 1515 1317 1610 propriis

344 1640 410 1735 ipsi
428 1650 463 1710 et
480 1639 620 1710 dotibus
642 1651 677 1708 et
699 1638 886 1710 uirtutibus
904 1638 1038 1728 accidit,
1050 1651 1090 1710 ut
1101 1639 1237 1736 scriptis
1249 1640 1345 1714 suis-
1399 1570 1404 1731 i

343 1761 594 1858 philosophiam
616 1762 760 1833 Socratis
778 1783 847 1832 non
867 1761 977 1842 solum
989 1760 1181 1830 admirabili
1195 1784 1319 1832 senno
1399 1740 1403 1804 l

343 1886 396 1956 uis
409 1885 620 1969 sublimitate
639 1883 823 1978 explicaret
832 1883 1035 1976 legentibus,
1047 1881 1109 1952 sed
1119 1881 1322 1976 adjungeret
1402 1895 1403 1900 ’

343 2007 575 2100 ἰῐθωιθίίοτωη
584 2003 1320 2108 philosophornm,ipsorumadeopoiitarum
1399 2011 1403 2111 1

279 2205 284 2220 ἱ
343 2122 490 2224 placita,
522 2127 666 2222 quibus„
681 2140 715 2198 et
745 2127 973 2196 illustraretur
993 2137 1033 2196 et
1050 2125 1320 2200 confirmaretur.
1398 2214 1403 2244 ¹

345 2251 484 2322 Constat
510 2251 665 2340 omnino,
687 2250 832 2320 Socratis
857 2249 1108 2346 philosophiam
1130 2273 1192 2344 per
1206 2249 1321 2322 Plato·
1402 2247 1403 2300 t

344 2397 421 2445 uem
444 2373 589 2444 maxima
611 2385 647 2444 et
669 2373 996 2446 commendationem
1019 2386 1054 2444 et
1076 2395 1156 2446 vero
1177 2369 1323 2445 auctori-

281 2553 282 2556 *
343 2509 449 2568 tatem
471 2498 659 2592 accepisse,
681 2497 741 2568 sed
767 2495 887 2568 debuit
907 2495 990 2566 haec
1011 2495 1124 2566 eidem
1141 2495 1322 2568 aliaetiam

343 2632 378 2690 et
409 2619 508 2713 longe
534 2619 696 2711 graviora.
747 2616 863 2690 Effecit
893 2618 984 2686 enim
1008 2617 1126 2707 Plato,
1149 2631 1188 2688 ut
1208 2619 1261 2688 via
1288 2632 1325 2689 et

344 2743 475 2818 ratione
506 2741 725 2834 procederet,
749 2751 788 2810 ut
812 2739 943 2812 artibus
962 2753 996 2812 et
1019 2741 1228 2838 disciplinis,
1249 2743 1324 2838 ipsi

344 2861 428 2932 adeo
460 2861 578 2932 morali
610 2873 645 2932 et
673 2861 834 2957 politicae
861 2861 1061 2958 disciplinae
1082 2865 1187 2936 veluti
1212 2865 1322 2936 vitam
1397 2910 1402 3008 Ι

343 2983 487 3072 inderet,
507 2983 592 3079 quin
608 2985 728 3074 ctiam,
752 2997 792 3054 ut
815 2987 958 3080 posteris
982 3000 1070 3057 esset
1091 2988 1323 3060 cumGraecis
1401 3013 1402 3016 ’

342 3119 417 3177 tum
437 3107 596 3177 Romanis
614 3105 732 3198 religio
747 3107 876 3200 purior.
915 3107 970 3178 Sic
994 3131 1078 3178 eam.
1090 3110 1254 3205 equidem
1264 3112 1322 3182 de·

342 3227 556 3301 scribendam
580 3226 735 3297 arbitror.
786 3227 914 3316 Quodsi
945 3231 1015 3301 vim
1034 3232 1100 3330 ipsi
1119 3235 1321 3328 propriam,

343 3351 548 3445 omninoque
580 3349 827 3422 characterem
855 3354 1063 3448 quaerimus,
1083 3355 1326 3450 respiciendus¹
1405 3437 1406 3450 χ

286 3560 298 3569 x
342 3470 441 3541 nobis
462 3494 543 3566 prae
565 3473 705 3544 caeteris
728 3473 886 3546 omnibus
900 3487 963 3567 cst,
976 3478 1035 3572 qui
1049 3477 1248 3549 dominatur
1258 3501 1322 3574 per

282 3629 287 3642 ·
342 3614 415 3662 eam
442 3604 569 3684 totam,
589 3619 727 3692 quoque
747 3609 903 3668 movetur
925 3599 1025 3671 unice
1046 3623 1085 3671 ac
1107 3599 1217 3671 veluti
1245 3603 1324 3671 ani-

343 3725 456 3786 matur
470 3719 626 3811 ,pulcri
640 3722 798 3816 bonique,
820 3731 896 3789 tum
919 3721 1064 3792 maxime
1080 3727 1183 3795 ceri
1201 3747 1323 3796 anaor.

375 3985 408 4053 ζ’)
428 3988 501 4036 ttae.
520 3987 560 4036 tv.
580 3987 620 4035 tc.
