2836 5080
720 457 906 532 -34-

329 663 434 736 vitam
454 659 626 740 extulerit.
679 659 797 756 ltaque
818 659 946 754 ingenii
968 659 1068 730 unice
1088 657 1228 731 dotibus
1238 659 1301 730 od·-

329 798 460 860 vertere
479 783 604 856 civium
625 782 754 854 animos
773 783 908 878 potuit:
929 805 994 854 nec
1014 781 1301 877 mirercquidem‚
1353 817 1356 822 ·

329 910 371 999 si,
391 907 485 1004 quod
506 907 550 978 ab
572 905 645 978 aliis
667 907 750 976 item
771 905 1041 978 animadversum
1063 903 1191 1002 ast(*),
1222 929 1302 1001 per·

330 1053 443 1102 versae
474 1027 703 1124 sophistarum
734 1027 779 1098 de
806 1027 933 1097 virtute
959 1051 998 1098 ao
1016 1027 1150 1122 justitia
1173 1027 1302 1100 doctri-

329 1175 394 1224 uae
423 1149 467 1222 ad
498 1147 779 1222 commovendum
813 1149 849 1218 in
881 1171 922 1220 eo
958 1148 1029 1219 veri
1049 1150 1206 1244 justique
1226 1163 1302 1222 stu-

330 1276 444 1366 dium,
479 1286 555 1344 tum
586 1295 665 1344 vero
695 1270 738 1342 ad
759 1271 975 1344 excitandum
1008 1276 1082 1368 ejus
1108 1275 1302 1368 ingenium,

330 1400 400 1470 vim
421 1395 604 1468 habuerint
625 1395 853 1490 praecipuam.
898 1394 982 1465 Nam
1006 1394 1243 1490 ‹praleounque
1264 1397 1303 1466 id

330 1519 417 1610 fuit,
439 1517 534 1614 quod
556 1541 635 1590 oum
657 1517 731 1588 aliis
751 1516 1045 1613 praeceptoribus,
1068 1530 1142 1588 turn
1167 1516 1304 1592 Anaxa-

331 1664 432 1736 gorae
453 1640 613 1730 deberet,
637 1638 824 1735 plurimum
843 1661 936 1730 sane,
957 1651 997 1710 ut
1015 1640 1150 1710 maximi
1172 1641 1303 1736 quique

330 1765 413 1855 viri,
448 1763 584 1836 sibimet
606 1764 680 1858 ipse
702 1761 835 1834 debuit.
883 1760 945 1832 Illa
965 1784 1045 1832 vero
1067 1761 1302 1857 Sophistarmn

330 1884 467 1963 dicendi
498 1910 564 1976 aaa,
597 1909 666 1981 qua
697 1883 833 1956 virtutis
866 1885 975 1956 omnis
1006 1907 1046 1956 oo
1066 1883 1303 1981 philosophiae

328 2009 496 2106 principia
516 2008 790 2097 labefactabant,
814 2029 880 2076 una
904 2006 1056 2086 omnium
1077 2008 1223 2078 mxime
1243 2031 1302 2078 va„
1413 2001 1414 2042 l

328 2131 422 2204 lebat
455 2153 508 2221 eo,
541 2143 581 2202 ut
604 2129 774 2226 quidquid
796 2128 833 2198 in
855 2131 928 2223 ejus
955 2129 1067 2201 animo
1088 2129 1301 2202 reconditum

331 2265 404 2324 erat
420 2251 605 2324 honeatatis
627 2277 667 2324 ac
687 2251 841 2342 virtutis,
865 2250 901 2320 in
920 2249 1033 2323 lucem
1053 2251 1218 2348 prodiret,
1239 2275 1302 2324 nec

330 2397 410 2446 vero
429 2375 540 2446 minus
552 2373 658 2471 ipsius
680 2374 853 2468 ingenium
875 2386 1064 2446 acueretur.
1113 2375 1188 2445 Non
1212 2376 1303 2446 onim

329 2497 530 2594 simpliciter
561 2522 638 2570 oum
669 2497 802 2592 impetn
823 2509 858 2568 et
879 2496 1111 2591 indignatione
1131 2499 1302 2570 contradi-

330 2619 477 2692 cendum
499 2631 591 2690 erat:
611 2631 746 2716 spretus
766 2620 814 2688 ita
834 2623 1049 2715 reJcctusque
1073 2621 1117 2692 ab
1139 2620 1302 2716 eloquen-
1412 2643 1413 2652 ¹

330 2742 467 2814 tissimis
499 2740 693 2812 hominibus
727 2737 844 2810 fuisset
865 2753 969 2836 atque
988 2766 1007 2811 a
1029 2742 1132 2837 vulgo
1158 2743 1301 2814 densus.

330 2861 457 2936 Subtili
476 2885 562 2957 opus
582 2873 655 2932 erat
676 2861 813 2933 dicendi
830 2863 978 2951 ratione,
1001 2863 1061 2934 ille·
1077 2889 1169 2957 vero,
1192 2865 1303 2936 missis

330 2984 455 3075 verbio,
476 2983 521 3056 de
540 2983 643 3056 rebus
660 2985 872 3080 quaerebam
893 2985 1119 3084 abrumpebat
1140 2990 1303 3062 continuo

329 3107 476 3205 prolixae
498 3131 616 3180 eorum
638 3108 817 3200 orationes,
840 3121 880 3180 ut
901 3110 1180 3206 interrogationes
1195 3113 1302 3182 inter-

330 3243 472 3328 poneret
501 3231 546 3302 dc
570 3255 685 3304 rerum
706 3229 975 3323 definitionibus,
1001 3257 1071 3329 quo
1091 3235 1196 3328 magis
1219 3259 1303 3306 eon-
1412 3231 1413 3244 ’

331 3365 449 3455 staret,
483 3356 610 3451 qnibm
643 3353 688 3424 de
720 3353 823 3426 rebus
847 3367 883 3425 et
902 3356 967 3450 ipsi
984 3369 1097 3427 essent
1118 3356 1245 3429 dicturi
1268 3369 1303 3428 et

331 3475 503 3551 adstantes
536 3477 699 3548 audituri.
749 3476 906 3548 Faciebat
939 3477 974 3548 id
997 3489 1112 3550 autem
1133 3480 1220 3550 mirt
1237 3480 1303 3550 *illa

333 3621 414 3673 unus
436 3600 570 3696 ipsique
591 3601 728 3696 propria
752 3597 854 3696 plane
877 3601 996 3692 ironia,
1013 3603 1109 3698 quasi
1129 3601 1179 3673 illi
1190 3615 1304 3674 essent

333 3722 1302 3820 omniurnrerumperitissimi,ipseveroignorantissimus.

366 3983 403 4056 (Ἴ
422 3987 453 4036 V.
470 3989 578 4050 licerer,
599 3989 692 4038 nuru.
710 3988 762 4038 Vol.
781 3989 834 4038 XV.
851 4006 875 4056 p.
895 3993 955 4043 308.
