2828 5098
684 493 971 593 ..uo-2

311 697 444 792 repert,
476 693 602 788 quibus
622 695 737 766 mixtis
757 695 897 764 tertium
919 706 1050 764 exstare
1070 693 1109 768 rb
1131 698 1283 790 ξυμμισ-
1394 695 1398 729 ‘³

314 817 470 917 χάμενονε
492 816 651 889 accedere
670 829 785 900 autem
803 816 896 888 hisce
919 829 1092 913 quartmn,
1115 817 1154 890 τὸ
1167 813 1280 892 otuu

312 940 339 1011 E
368 939 493 1034 quibus
527 940 723 1011 notionibus
757 939 982 1010 dirimendam
1015 941 1280 1035 quaestionem,

313 1075 429 1133 utrum
458 1063 494 1132 in
525 1063 712 1158 voluptate,
732 1087 776 1132 an
816 1063 853 1132 in
873 1063 999 1132 virtute
1021 1061 1165 1135 felicitas
1188 1087 1281 1136 sum-
1394 1014 1400 1157 l

314 1207 462 1275 mumve,
482 1184 576 1279 quod
596 1187 723 1281 posteri
742 1185 913 1274 dixerunt,
933 1185 1063 1256 bonum
1085 1197 1195 1275 esset,
1219 1209 1284 1282 pu·
1396 1166 1400 1188 '¹

315 1309 410 1380 tavit.
460 1307 499 1376 Id
520 1330 612 1397 vero,
634 1309 663 1378 si
678 1308 840 1402 quaeris,
860 1297 1149 1402 quemadmodum
1171 1305 1286 1402 perle-
1399 1317 1400 1329 ³

316 1433 419 1519 ecrit,
441 1454 563 1526 nempe
584 1429 806 1502 ratiocinandi
828 1429 1026 1502 facultatem
1047 1431 1167 1500 miram
1176 1454 1287 1525 quan=
1398 1452 1401 1499 3

297 1555 396 1626 'dam
419 1566 454 1624 et
471 1553 707 1624 incredibilem
724 1549 907 1625 lectoribus
928 1553 1094 1649 probavit:
1110 1553 1288 1650 problema
1396 1534 1401 1573 ³

317 1699 397 1748 vero
419 1699 489 1748 non
511 1675 623 1746 solvit.
673 1677 728 1746 Sic
749 1663 841 1748 certe
863 1675 1028 1760 obscurus
1051 1676 1205 1770 dialogus
1224 1690 1289 1766 est,

319 1812 359 1870 ut
381 1798 501 1894 optimi
524 1797 651 1894 quique
673 1799 887 1894 interpretes,
910 1799 1062 1892 quamvis
1086 1822 1223 1870 ornnem
1244 1797 1288 1868 ad

318 1921 560 1994 illustrandum
593 1919 795 1991 adhiberent
822 1934 857 1992 et
884 1921 1111 1992 cruditionem
1133 1934 1168 1991 et
1187 1921 1287 2017 judi-

319 2045 418 2120 candi
449 2042 698 2132 subtilitatem,
724 2055 838 2114 tamen
862 2044 907 2114 ad
931 2043 996 2116 hoc
1021 2069 1129 2140 usque
1154 2058 1289 2141 tempos

319 2166 475 2236 tenebras
497 2164 572 2234 illas
595 2188 665 2235 non
686 2163 902 2260 dispulerint.
951 2167 1043 2255 Quid
1065 2167 1290 2239 verodePar-
1400 2191 1401 2258 p

320 2286 457 2358 menide
478 2284 601 2375 dicam,
625 2311 695 2381 quo
719 2287 855 2358 nullum
878 2287 976 2360 facile
1000 2292 1213 2386 antiquitatis
1224 2315 1291 2364 mo
1400 2259 1401 2294 ³

322 2401 526 2482 numentum
556 2411 663 2503 magis
687 2435 767 2482 cum
791 2412 1016 2508 interpretum
1040 2426 1116 2485 tum
1135 2415 1291 2510 pbiloso-

323 2535 469 2631 phorum
503 2541 653 2606 mentem
688 2535 838 2606 exercuit
862 2559 902 2608 ao
926 2535 1087 2608 vexavit?
1136 2538 1295 2610 Refertur

323 2658 481 2730 videlicet
498 2657 685 2752 disputatio
707 2657 751 2727 ad
766 2656 855 2727 illud
866 2657 1113 2750 definiendum,
1125 2661 1216 2755 quod
1227 2671 1295 2748 est,

325 2795 400 2855 tum
424 2780 467 2850 ad
492 2778 592 2868 illud,
618 2778 712 2873 quod
736 2805 806 2850 nou
832 2791 896 2853 ast.
947 2783 986 2852 ln
1010 2781 1063 2853 his
1089 2784 1189 2876 igitur
1213 2804 1295 2877 per-

325 2903 428 2974 ficere
458 2899 554 2970 Plato
584 2898 738 2990 studuit,
773 2901 866 2996 quod
890 2902 1067 2976 facultates
1090 2915 1297 3000 captumque

326 3024 452 3120 ingenii
484 3019 625 3125 humani
659 3037 845 3118 superaret.
907 3013 1120 3124 Quamquam
1148 3027 1215 3100 hoc
1248 3029 1297 3100 vi-

328 3152 428 3239 tium,
459 3147 552 3243 quod
585 3170 654 3218 non
678 3129 730 3216 est
754 3171 834 3218 sane
859 3148 994 3221 silentio
1016 3152 1299 3245 praetermitten-

329 3272 425 3360 dum,
458 3271 573 3363 magis
589 3269 691 3338 aetati
711 3268 919 3367 philosophi,
943 3297 1051 3367 quum
1068 3273 1225 3346 nondum
1249 3297 1300 3368 es·
1403 3295 1405 3362 ζ

330 3406 382 3466 set
413 3393 457 3462 ad
485 3390 795 3488 philosophandum
815 3407 988 3486 maturus,
1013 3421 1116 3491 quam
1139 3396 1202 3466 viri
1221 3395 1303 3492 phi·

330 3515 504 3610 losophiae
523 3515 744 3586 tribuendum
766 3529 829 3587 est.
878 3518 963 3588 Nam
981 3529 1021 3589 ut
1042 3519 1145 3588 rediit
1156 3518 1251 3588 idern
1261 3517 1302 3588 ad

331 3638 538 3712 Socraticum
567 3637 655 3709 illud
685 3636 781 3736 γνῶθι
812 3639 949 3714 σεαυτόν
971 3651 1073 3739 atque
1095 3641 1302 3736 explorando

333 3762 470 3838 homine
490 3761 655 3857 principia
674 3763 840 3858 quaesivit
860 3764 984 3860 pulcri,
1007 3765 1090 3855 veri,
1102 3765 1197 3855 boni,
1204 3767 1304 3860 justi,

333 3885 452 3974 divini,
473 3894 548 3953 tum
570 3906 649 3954 vero
672 3895 708 3954 et
725 3896 817 3956 recte
828 3884 941 3958 denuo
950 3885 1184 3982 philosophari
1193 3888 1305 3982 coepit

284 3995 287 4005 ¹
334 4022 370 4078 et
395 4005 545 4100 dialogos
560 4005 708 4101 scripsit,
731 4005 849 4102 quales
871 4019 952 4080 sunt
969 4008 1132 4103 Gorgias,
1159 4008 1303 4096 Politia,
