2836 5080
694 477 925 547 -52-'

308 687 450 753 unanime
484 681 632 750 veritatis
661 678 882 771 justitiaeque
913 673 1135 744 vindicandae
1167 673 1277 744 ardor.

306 810 357 877 lle
379 805 520 897 singulis
542 825 664 898 operae
687 803 835 897 pretium
858 811 909 870 est
931 799 1048 894 paucis
1068 819 1241 891 quaerere.

356 925 550 1023 Aristippus
575 925 612 998 rh
632 925 753 1013 'aelim
778 923 816 996 τὸ
837 917 962 1019 ἀγαθὸν
983 917 1200 1008 Antisthenes
1222 941 1278 988 ex-

308 1051 445 1145 petebat
469 1050 586 1133 uniee3
610 1045 800 1140 Xenophon
822 1067 902 1114 vero
926 1055 960 1112 et
982 1041 1078 1113 Plato
1096 1055 1280 1136 utrumque

308 1171 622 1267 amplectebantur3
661 1191 733 1238 esse
766 1166 935 1259 negabant
969 1163 1152 1258 pulcrum,
1186 1162 1280 1258 quod

308 1319 376 1364 non
408 1293 499 1362 idem
521 1291 651 1392 bonurn
673 1301 780 1360 esset:
814 1287 902 1358 illud
931 1287 1069 1358 aiebant
1091 1285 1279 1380 perfeetum
1346 1363 1350 1375 Ι

307 1439 391 1506 esse,
414 1413 508 1508 quod
530 1413 689 1508 pulcrum
712 1424 799 1481 esset
822 1411 1036 1504 bonumque:
1059 1408 1152 1478 unde
1170 1409 1279 1479 virtus

307 1542 351 1609 ab
374 1551 520 1631 utroque
534 1535 610 1606 diei
633 1530 866 1630 καλοκᾷιγαθὶα
887 1533 1029 1604 solebat.
1064 1531 1140 1602 Veri
1162 1543 1279 1600 autem

308 1685 400 1742 amor
434 1673 473 1729 ut
506 1659 739 1754 Xenophontis
762 1656 1017 1728 commendatur
1045 1653 1279 1751 philosophia,

308 1788 355 1852 ita
389 1781 583 1852 dominatur
616 1780 718 1874 plane
750 1780 785 1848 in
817 1780 908 1849 omni
931 1777 1154 1873 philosophia.
1169 1773 1281 1846 Plato-

309 1907 371 1974 nis.
427 1905 511 1975 Nam
540 1908 661 1998 juncta
695 1921 774 1973 eum
805 1913 936 1991 uuest,
959 1897 1281 1971 imoexstititinde
1413 1955 1414 1958 η

309 2039 379 2099 tota
401 2025 549 2096 Platonis
571 2025 616 2094 de
638 2023 723 2093 ideis
744 2023 916 2114 doctrina,
946 2023 1041 2094 locus
1064 2023 1223 2118 princeps
1245 2021 1281 2090 in

309 2147 511 2241 gratissimis
547 2143 741 2239 philosophi
774 2145 920 2239 placitis.
982 2144 1098 2232 Riruli
1132 2143 1169 2212 hi
1201 2155 1282 2214 sunt

311 2269 499 2366 purissimi,
523 2269 559 2336 in
579 2266 705 2361 quibus
729 2265 826 2338 facile
849 2266 951 2338 lentis
972 2268 1165 2339 ubertatem
1191 2268 1281 2361 puri-

310 2405 484 2488 tatemque
507 2415 676 2486 agnoscas.
703 2391 770 2464 Sed
791 2391 835 2462 de
857 2390 990 2488 placitis
1014 2391 1281 2462 videamusutri-

311 2539 419 2610 usque
437 2514 658 2610 philosophi.
707 2514 839 2586 Amoris
862 2513 1097 2608 disciplinam,
1132 2515 1187 2604 τὴν
1209 2509 1285 2610 ἔρω-

310 2640 418 2730 riaip,
462 2663 530 2733 qua
571 2638 725 2708 coelestis
759 2637 1035 2730 distinguebatur
1068 2649 1103 2706 et
1136 2636 1283 2729 vulgaris

311 2787 423 2849 amor,
459 2773 499 2830 ut
530 2760 745 2830 adumbravit
778 2761 814 2829 in
849 2760 983 2856 scriptis
1006 2758 1213 2856 Xenophon,
1234 2759 1285 2828 ita

311 2884 424 2969 Plato,
455 2895 628 2978 tamquam
649 2883 756 2954 omnis
779 2881 1014 2979 philosophiae
1034 2883 1170 2954 moralis
1192 2882 1284 2978 prin-

312 3007 456 3101 cipium,
480 3005 621 3076 tradidit
643 3007 867 3101 exposuitque
888 3005 1165 3100 diligentissime3
1189 3003 1285 3075 dixe-

312 3142 364 3198 rat
405 3140 520 3198 autem
550 3128 730 3216 Socrates,
766 3127 828 3200 hae
862 3153 898 3200 se
932 3126 1112 3224 disciplina
1141 3129 1288 3198 maxime

313 3250 459 3341 gloriari.
509 3248 710 3320 Animorum
730 3251 1017 3322 immortalitatem
1032 3250 1289 3345 attigitidenti-
1411 3331 1412 3336 Ἰ

313 3370 393 3442 dem
417 3371 623 3466 Xenophon:
651 3371 747 3443 Plato
778 3373 815 3442 in
841 3373 1020 3444 Phaedone
1049 3373 1200 3468 aliisque·
1214 3372 1290 3442 dia·

313 3493 398 3586 logis
421 3494 624 3586 gravissimis
645 3495 994 3589 argumentationibus
1016 3497 1173 3593 probavit
1183 3509 1301 3597 atque

313 3616 437 3703 evicit3
477 3641 580 3712 quam
614 3631 728 3690 autem
756 3641 828 3689 rem
859 3619 925 3689 sibi
946 3621 1053 3714 magis
1075 3631 1289 3716 persuaserat

313 3734 493 3816 Soermesl
542 3738 633 3828 Quid
659 3740 771 3812 dicam
794 3739 850 3810 de
872 3738 1160 3825 divina'natura,·
1183 3767 1288 3840 quam

312 3862 443 3954 primus
476 3861 512 3932 in
541 3860 618 3932 luce
639 3863 793 3956 posuisse
815 3861 966 3935 Socrates
988 3860 1155 3935 videtur?
1206 3863 1288 3935 Cer-

314 3983 409 4053 tatim
445 3981 532 4056 hanc
561 3993 706 4076 uterque
728 3983 788 4054 ille
810 3987 1075 4077 germanusviri
1095 3985 1287 4081 discipulus
