2828 5098
686 467 905 542 -llo-

312 673 488 768 sophistis,
524 669 585 740 sed
612 669 799 762 ,praecipue
834 687 913 742 cum
933 666 1206 758 generosissimae
1226 667 1284 734 ins
1411 720 1412 758 ,

313 795 399 868 dolis
434 790 706 864 adolescentibus
739 790 919 860 disserens.
969 787 1190 876 Quaestioues
1211 789 1286 881 agi·
1411 799 1412 831 t

260 952 262 958 ·
314 927 450 1003 tantur,
486 936 574 1007 quae
608 913 751 982 maxime
791 935 870 982 cum
902 909 1048 982 hominis
1070 909 1286 1003 cognitione,

313 1061 391 1110 oum
419 1036 536 1106 divino
567 1045 750 1130 praecepto
768 1029 879 1131 Ιγνῶθι
899 1031 1048 1122 ,σεαυτόν
1084 1045 1167 1103 suut
1203 1057 1287 1104 con-
1411 1045 1412 1051 ’

309 1168 466 1255 junctae:
500 1184 583 1232 num
617 1160 726 1228 virtus
749 1157 862 1228 doceri
892 1157 1019 1252 possit,
1043 1155 1130 1252 quid
1152 1168 1287 1252 tempe-

313 1285 421 1354 rantia
451 1284 496 1354 sit
521 1295 556 1352 et
579 1281 755 1370 honestas,
778 1303 866 1375 quae
889 1281 1015 1352 artium
1036 1281 1288 1374 elegantiorum

312 1405 468 1478 habenda
488 1407 533 1478 sit
556 1405 863 1500 humaniorumque
885 1404 1062 1476 literarum
1083 1427 1162 1474 vera
1183 1406 1287 1490 ratio,

312 1530 389 1624 quis
422 1551 520 1598 verus
554 1528 616 1616 sit,
650 1528 818 1620 uniceque
839 1525 969 1599 homini
992 1527 1147 1598 salutaris
1178 1551 1288 1598 amor.
1342 1585 1344 1590 .

314 1653 398 1740 Nos,
418 1650 491 1752 uhi
529 1649 674 1743 legimus
707 1649 767 1722 hos
802 1649 977 1744 dialogos,
1009 1649 1218 1720 admiramur
1252 1652 1290 1720 iu

313 1777 450 1846 Socrate
473 1786 507 1844 et
527 1797 678 1844 amamus
701 1773 802 1868 plane
823 1798 902 1844 cum
924 1795 1058 1844 morum
1071 1773 1289 1868 elegantiam,

314 1910 390 1969 tum
423 1897 535 1992 pulcri
563 1896 767 1992 honestique
788 1919 945 1985 sensum,
979 1909 1056 1966 tum
1086 1895 1190 1986 boni,
1217 1919 1290 1990 quo

315 2019 505 2092 ducebatur
536 2021 700 2108 maxime,
732 2042 901 2108 amorem,
929 2031 1004 2090 tum
1037 2020 1140 2090 ctiam
1163 2031 1197 2090 et
1221 2021 1291 2090 iro-

315 2144 406 2214 niam
441 2143 535 2212 illam
557 2143 623 2235 ipsi
645 2143 817 2235 propriam
841 2154 875 2211 et
898 2141 1101 2238 disputandi
1122 2144 1291 2214 rationem

315 2264 522 2356 singularem
556 2288 710 2358 prorsus:
725 2264 825 2336 ‘haec
846 2289 907 2346 uos
929 2266 965 2335 in
988 2265 1040 2336 his
1065 2265 1208 2360 dialogis
1232 2266 1291 2337 ad-

315 2387 478 2456 miramur
512 2396 546 2455 et
569 2409 738 2476 amamus,
762 2387 835 2480 ipse
856 2411 936 2459 vero
965 2388 1177 2483 dialogorum
1209 2414 1291 2462 auc-

316 2521 387 2598 tor,
410 2508 470 2602 qui
494 2509 659 2602 expressit
682 2509 718 2576 iu
740 2507 807 2578 illis
824 2507 915 2590 ‚haec
933 2511 1066 2601 omnia,
1090 2536 1205 2584 noune
1234 2512 1293 2586 hio
1334 2491 1336 2500 i

316 2633 422 2725 magis
454 2631 557 2702 etiam
589 2655 630 2702 ac
661 2653 877 2726 summopere
906 2645 941 2702 et
961 2633 1146 2706 admiratus
1167 2635 1225 2704 illa
1252 2637 1293 2706 iu

316 2757 453 2829 Socrate
474 2775 548 2824 esse
573 2765 608 2824 et
630 2775 759 2822 amasse
779 2753 953 2847 putandus
976 2753 1056 2828 est?
1105 2758 1221 2828 Dicam
1241 2755 1292 2828 fa·

317 2876 382 2951 cile
404 2873 583 2968 equidem,
617 2873 797 2948 tradidisse
817 2876 853 2944 in
871 2877 988 2954 ,mimis
1011 2878 1079 2950 illis
1100 2891 1134 2950 et
1153 2879 1293 2952 drama-

317 2998 410 3070 tihus
452 2996 646 3085 Platonem,
689 2997 758 3068 imo
792 3012 1060 3094 repraesentasse
1094 2989 1323 3096 legentibus'
1402 2977 1406 3019 ¹

317 3120 448 3214 ipsam,
482 3143 585 3214 quam
617 3119 744 3190 Socrati
774 3119 942 3212 debebat,
969 3122 1170 3220 disciplinae
1193 3126 1293 3196 insti-

319 3243 528 3337 tutionisque
559 3242 736 3313 rationem.
787 3240 939 3338 Apparet
973 3245 1031 3316 illa
1061 3247 1097 3316 in
1118 3247 1294 3320 Phaedro

320 3377 402 3434 tota.
427 3363 567 3458 Legenti
592 3387 671 3434 sane
687 3363 861 3459 dialogum
884 3366 996 3457 illum,
1019 3369 1133 3464 ipsum
1147 3370 1235 3440 mihi
1248 3373 1294 3442 vi·

320 3487 403 3557 deor
413 3487 600 3574 Platonem,
612 3511 691 3558 cum
703 3487 897 3560 adolescens
909 3503 1010 3580 esset,
1023 3491 1149 3591 videre,
1165 3495 1295 3588 pariter

319 3633 370 3678 ac
382 3608 555 3680 Phaedrus
572 3608 663 3702 illic,
689 3611 902 3702 ὁφιλὸκαλος
919 3612 975 3684 καὶ
993 3615 1212 3706 φιλόμουσος,
1229 3640 1296 3686 no-

320 3733 374 3804 bis
391 3744 546 3827 apparet,
566 3757 646 3802 cum
667 3733 806 3808 Socrate
827 3757 890 3805 suo
912 3733 959 3804 ad
978 3734 1203 3826 llissmu,sub
1220 3737 1296 3832 pla-

319 3871 400 3939 tano
418 3853 491 3944 illa,
503 3855 629 3949 patulis
649 3854 772 3926 diffina
783 3856 897 3946 ramis,
907 3857 1141 3930 accinentihus
1153 3859 1295 3951 cicadis,

319 3979 363 4054 dc
381 3979 499 4060 divino
520 4001 653 4067 amore,
677 3979 721 4046 de
743 3979 870 4050 musica
895 3991 929 4048 et
952 3981 1068 4074 poesi,
1089 3981 1297 4056 dedicandi
