2828 5098
690 494 904 564 -152-

318 692 447 760 ratione
479 700 515 758 et
548 685 795 758 consuetudine
821 685 1006 758 abhorrent
1028 710 1185 780 magnam
1206 711 1295 782 par·
1396 689 1397 696 ’

319 827 410 901 tem,
446 809 621 905 magisque
655 808 723 880 illis
755 822 915 905 corrupta
948 809 1066 903 lingua
1089 822 1162 900 est,
1187 834 1296 904 quarn
1397 855 1398 858 =

319 924 538 1030 locupletata.
589 932 787 1022 Caeterum,
813 933 946 1024 utilit,
971 933 1144 1006 scribendi
1165 933 1297 1005 formae

319 1058 413 1154 apud
446 1055 663 1128 Aristotelem
698 1055 963 1152 philosophandi
986 1058 1072 1128 ratio
1094 1056 1294 1152 respondet.
1398 1063 1399 1102 ³

320 1181 360 1252 ln
391 1180 564 1276 plerisque
597 1179 793 1275 philosophi
826 1181 980 1275 scriptis,
1014 1203 1102 1275 quae
1123 1181 1299 1250 interioris

320 1326 394 1374 esse
437 1301 604 1394 indaginis
646 1301 807 1372 videntur
846 1304 1098 1397 praecipueque
1130 1315 1301 1376 vocantur

320 1426 502 1514 esoterica,
539 1448 572 1494 v.
596 1450 627 1495 c.
651 1425 688 1494 in
708 1447 811 1520 opere
831 1425 904 1521 περὶ
926 1420 1046 1524 ψυχῆς
1058 1480 1068 1517 ,
1102 1426 1213 1520 rejicit
1234 1450 1300 1498 nos

321 1573 391 1620 non
417 1548 530 1618 minus
559 1570 675 1618 rerum
692 1541 1072 1644 ‘disquisitionumqum
1096 1573 1200 1644 quam
1223 1573 1300 1620 ore·

321 1670 422 1740 tionis
460 1667 669 1758 obscuritas,
709 1681 767 1758 ut,
803 1671 832 1740 si
866 1669 952 1765 quid
985 1671 1180 1742 contineant
1215 1695 1314 1743 cum

321 1791 463 1862 historie
485 1773 721 1886 philosophiae
742 1795 983 1886 conjunctum,
1003 1792 1040 1862 id
1050 1793 1302 1888 amplectamur
1401 1819 1402 1856 i

320 1913 437 1986 avide:
458 1925 590 1984 caetera
611 1937 711 2004 vero,
731 1937 820 2008 quae
841 1915 1192 2007 argumentationibus
1213 1939 1299 1986 eon-

295 2033 475 2108 ‘tinentur
509 2036 686 2129 perpetuis
708 2047 744 2104 et
767 2035 910 2106 infinitis
933 2035 1021 2127 lere,
1046 2038 1102 2108 vix
1125 2037 1298 2132 intelliga—
1402 2081 1403 2094 κ

320 2178 408 2226 mus.
458 2155 499 2225 Et
533 2177 615 2224 sane
648 2155 846 2250 quicunque
869 2170 940 2230 tarn
962 2160 1170 2254 antiquitus,
1192 2185 1299 2256 quam

320 2277 508 2348 recentiore
531 2298 613 2346 aevo
635 2259 844 2377 Aristotelici
866 2278 1026 2371 fuerunt,
1050 2305 1163 2377 neque
1180 2283 1297 2373 astili,
1403 2303 1404 2306 ’

320 2413 434 2494 neque
455 2400 558 2470 etiam
581 2425 600 2472 a
618 2375 855 2496 philosophiae
878 2401 1046 2496 elegantia
1068 2427 1106 2474 se
1121 2429 1300 2478 commen-

320 2521 446 2594 darunt
469 2545 674 2628 magnopere
697 2522 711 2622 (
734 2521 760 2620 )

303 2721 304 2726 ,
334 2705 336 2710 .
368 2645 493 2716 Verum
529 2644 583 2716 his
616 2645 810 2739 praemissis
832 2646 878 2718 de
899 2649 1050 2719 oratione
1072 2648 1294 2746 philosophi,

210 2765 214 2770 ’
320 2767 427 2860 ipsam
461 2790 556 2836 nunc
588 2765 668 2837 dats
697 2767 799 2860 operi
830 2767 1022 2842 Aristotelis
1044 2770 1297 2869 philosophiam

353 3093 386 3161 (Ἴ
411 3095 452 3143 Est
479 3103 575 3161 sutem,
601 3095 664 3162 quod
689 3095 837 3161 dubitemus,
863 3119 920 3152 unm
941 3105 989 3169 ipse
1007 3103 1065 3153 haec
1082 3103 1185 3154 ediderit
1201 3109 1302 3173 scripta.

321 3185 440 3236 Credibile
458 3195 507 3250 est,
524 3188 676 3238 Aristotelem
692 3191 816 3241 Eroterice
833 3194 868 3242 sie
883 3193 974 3244 limasse
991 3213 1017 3246 ee
1032 3197 1169 3266 perfecisse,
1185 3207 1214 3248 ut
1225 3199 1302 3250 eden·

320 3278 351 3328 ds
375 3278 526 3346 viderentur,
552 3291 642 3331 caetere
665 3299 721 3332 vero
737 3283 885 3336 auditoribus
900 3297 992 3340 tentum
1008 3289 1154 3355 destinasse,
1170 3307 1232 3358 quse
1248 3295 1301 3360 ipse

232 3445 236 3456 ι
308 3369 419 3436 ἱᾶίαειιιίο
447 3371 576 3437 explicaret
602 3384 626 3423 et
653 3375 832 3428 commendaret.
866 3379 982 3448 Physices·
998 3399 1052 3432 sane
1076 3382 1252 3454 disquisitiones
1272 3388 1301 3436 in

320 3478 389 3510 usum
407 3464 505 3512 maxime
521 3463 654 3515 auditorum
670 3469 777 3534 scripsit,
796 3481 824 3519 nt
840 3489 853 3519 e
870 3473 942 3522 titulo
958 3485 1054 3542 apparet
1070 3477 1211 3546 ἀκροάσεις
1220 3494 1301 3542 prios-

324 3556 383 3614 sai,
410 3564 481 3621 atque
505 3557 615 3606 universe
641 3561 789 3629 deposcenti
813 3561 940 3628 dicuntur,
968 3584 1028 3634 quse
1053 3581 1111 3629 τοῖς
1131 3574 1303 3641 ἐξωτερικοῖς
1329 3636 1339 3646 .

322 3657 481 3713 opponuntur.
499 3647 554 3698 vit.
573 3649 635 3701 Gell.
653 3653 682 3703 ll.
699 3654 751 3704 sn.
766 3671 807 3703 xx.
825 3656 852 3704 5.
885 3657 945 3706 llinc
961 3658 1083 3728 duxerim,
1100 3679 1172 3730 quare
1190 3668 1301 3730 organon

323 3757 346 3788 v.
364 3756 387 3808 c.
404 3749 429 3788 et
446 3739 602 3810 Metaphysica
619 3745 645 3793 in
662 3744 715 3794 aliis
732 3745 870 3797 membranis
886 3748 932 3798 alio
949 3751 1029 3802 ordine
1046 3766 1177 3805 occurrant.
1210 3757 1302 3810 traci-

323 3834 427 3900 eeronis,
444 3843 474 3882 ut
490 3833 616 3898 bucmar,
635 3837 663 3885 de
682 3841 787 3905 nepum
804 3859 878 3908 opus,
895 3853 1020 3912 antequem
1037 3846 1067 3896 ab
1084 3849 1135 3914 ipso
1152 3849 1241 3900 editum
1254 3863 1302 3917 est,

322 3926 414 3974 varium
431 3924 551 3987 ordinem,
570 3938 634 3976 certe
651 3931 737 3980 variam
755 3931 944 3986 distributionem
961 3936 1052 3990 babuit.
1069 3940 1126 3992 vid.
1144 3942 1248 3994 Bertbel.
1264 3945 1301 3993 St·

325 4016 428 4084 liilsire,
446 4016 577 4068 doctissimo
594 4037 671 4085 opere.
701 4024 759 4073 llenr
776 4027 932 4090 ‘guallorum
949 4029 1150 4098 disquisitionibus
1165 4034 1286 4102 relinquo.
