2828 5098
706 535 757 550 ψ
785 493 926 565 lot-.-

324 698 442 792 ptam
471 707 605 790 potest,
638 715 745 764 novus
774 692 873 764 nobis
895 691 1084 761 identidem
1106 691 1215 761 nodus
1247 715 1306 762 oc-

330 820 457 907 currit,
490 830 529 888 ut
552 815 659 887 altero
690 817 746 886 vix
769 815 930 910 explicito
956 814 1042 884 alter
1065 815 1235 909 longeque
1259 815 1304 885 ad

328 939 531 1014 solvendum
554 937 726 1021 difficilior
746 941 904 1030 exsistat,
926 951 1002 1008 tum
1021 960 1103 1008 vero
1122 937 1225 1008 simul
1247 937 1304 1007 ha·

327 1065 404 1152 bet,
429 1061 524 1158 quod
546 1061 615 1134 dici
638 1063 729 1133 idem
752 1062 797 1132 de
820 1063 959 1134 Politia
971 1085 1040 1132 non
1052 1073 1178 1156 potest,
1200 1067 1306 1156 mimi

327 1185 480 1257 formam.
504 1185 543 1254 ln
554 1185 715 1256 Politice
733 1185 823 1268 enim
837 1182 975 1254 exordio
987 1183 1169 1273 cernimus,
1182 1182 1303 1274 lateor,

326 1321 361 1378 et
393 1307 551 1380 audimus
584 1329 701 1377 senem
722 1305 822 1375 illum
846 1305 1035 1402 Cephalum
1058 1305 1103 1375 de
1126 1319 1305 1378 senectute

326 1455 404 1502 cum
428 1432 564 1502 Socrate
584 1427 878 1516 confabulantem,
903 1429 983 1519 sed,
1014 1441 1053 1498 ut
1075 1427 1230 1500 discessit
1249 1452 1314 1500 ser

325 1577 413 1644 nex,
436 1565 529 1623 totus
552 1551 713 1645 deinceps
736 1551 891 1645 dialogus
912 1551 1125 1623 sermonibus
1151 1553 1303 1623 contine

325 1691 394 1748 tur.
437 1677 667 1747 Phaedonem
689 1697 770 1746 vero
790 1673 1002 1767 legentibus,
1026 1697 1186 1768 praesens
1203 1674 1303 1746 uobis

324 1798 368 1870 ad
401 1799 507 1869 finem
538 1820 647 1894 usque
678 1797 830 1867 Socrates
864 1807 935 1886 est,
971 1797 1121 1892 primum
1152 1796 1302 1868 inlecto

323 1922 512 2011 recubans,
545 1933 620 1991 tum
652 1919 785 2013 erigens
808 1941 866 2010 se,
890 1930 929 1988 ut
952 1943 1032 1988 cum
1054 1919 1170 1990 amicis
1194 1919 1300 1990 collo-

322 2059 468 2142 quatur,
498 2057 592 2132 tum,
623 2041 829 2137 procedente
858 2041 1047 2136 colloquio,
1075 2065 1144 2136 quo
1168 2041 1301 2114 facilius

322 2169 518 2262 rectiusque
541 2166 652 2253 dicat,
687 2165 793 2259 pedes
818 2163 962 2234 humum
989 2161 1193 2255 demittens,
1225 2178 1301 2236 tum

323 2291 426 2359 etiam
457 2285 666 2375 Phaedonis,
699 2287 759 2380 qui
778 2287 886 2381 ipsius
909 2286 998 2357 lecto
1021 2288 1058 2356 in
1080 2287 1204 2358 humili
1234 2290 1301 2360 sel·

323 2411 395 2483 lule
416 2408 562 2500 assidet,
586 2408 727 2504 capillos
750 2407 826 2480 illos
850 2409 1050 2504 perpulcros
1071 2423 1298 2503 contrectans,
1400 2421 1401 2426 ’

323 2547 398 2604 turn
430 2557 510 2605 vero
536 2533 674 2604 tandem
705 2533 852 2605 cicutam
877 2531 1010 2604 bibens.
1062 2535 1187 2607 Verum
1211 2537 1298 2632 quid

321 2679 507 2754 persequar
548 2653 708 2726 caetera?
765 2655 815 2724 Ne
846 2657 994 2748 tragicus
1021 2657 1162 2751 quidem
1193 2664 1297 2754 poeta

323 2782 358 2850 in
378 2801 478 2850 scena
498 2777 596 2847 nobis
619 2775 782 2846 exhibens
801 2774 947 2847 Socratis
970 2791 1134 2872 mortem,
1154 2782 1296 2852 interius

322 2901 420 2972 nobis
445 2899 597 2968 animum
617 2909 826 2968 commoveat
849 2921 1036 2993 omnesque
1061 2926 1180 2975 sensus
1197 2917 1234 2974 et
1252 2904 1298 2974 al-

321 3024 451 3114 lectus,
472 3045 575 3118 mam
598 3021 694 3093 Plato
715 3021 796 3093 fecit
818 3024 921 3094 mimo
945 3023 1031 3114 hoc,
1054 3027 1122 3098 imo
1146 3029 1298 3100 dramate

321 3145 527 3246 philosopho
557 3145 748 3220 scribendo.
796 3145 864 3218 Nec
893 3171 973 3220 vero
995 3154 1295 3243 praetermittenda

321 3271 405 3342 haec
425 3283 518 3342 sunt.
1395 3257 1396 3268 ¹

369 3395 408 3464 ln
429 3387 571 3488 singulis
594 3393 662 3463 illis
686 3392 834 3464 Platonis
859 3393 1020 3490 dialogis,
1042 3421 1180 3492 prorsus
1202 3401 1295 3470 utin
1394 3415 1395 3422 ’

320 3517 523 3610 tragoediis,
551 3517 710 3612 princeps
735 3515 806 3586 fere
827 3529 898 3607 est,
921 3543 1025 3613 quam
1045 3520 1081 3590 in
1104 3521 1225 3616 primis
1246 3535 1295 3592 at·

320 3638 517 3729 tendamus,
553 3662 708 3734 persona.
759 3638 835 3726 Quo
866 3639 925 3728 fit,
961 3653 1001 3710 ut
1030 3665 1146 3737 parem
1177 3645 1212 3712 in
1236 3669 1294 3714 nos

321 3763 388 3832 vim
425 3761 551 3833 habeat
582 3763 730 3834 Platonis
762 3774 868 3857 atquc
902 3765 1023 3858 optimi
1059 3771 1295 3862 cujuscunque

320 3887 436 3980 tragici
457 3885 570 3956 lectio.
615 3885 718 3956 Lecto
741 3885 916 3981 Euripide,
938 3886 1161 3960 obversantur
1183 3892 1295 3962 animo

320 4021 435 4079 nostro
463 4001 617 4094 Orestes,
640 4005 800 4101 Pylades,
822 4008 876 4098 lo,
902 4007 1130 4104 Hippolytus,
1150 4015 1294 4105 juvenes
1390 4011 1391 4020 ’
