2824 5084
708 428 928 500 ..230—

332 634 390 700 oia
416 631 641 724 praebeatur
663 623 725 720 (*).
775 621 888 694 Nolim
919 622 986 692 hoc
1016 620 1093 692 loeo
1122 617 1309 688 Kantienae
1364 633 1369 654 ¹
1402 715 1403 720 ἵ

331 749 532 845 discipliuae
553 773 594 820 ee
614 747 804 819 Loekiunae
824 745 1028 834 discrimen,
1044 741 1138 838 quod
1150 764 1307 836 permag-

331 896 417 944 num
439 883 511 962 est,
533 872 723 966 exquirere.
758 867 826 940 Sed
850 869 978 963 pariter
999 866 1139 960 utrique
1159 863 1305 960 philoso-

330 995 404 1093 phi,
427 1019 506 1066 oum
527 993 701 1083 Lochiani,
721 1004 796 1064 tum
816 989 986 1082 hannani,
998 988 1063 1060 hac
1073 989 1126 1060 usi
1143 985 1307 1058 methodo
1398 1002 1402 1061 t

330 1143 371 1190 eo
402 1129 652 1214 perreuerrmt,
682 1127 722 1186 ut
741 1127 889 1210 systema
910 1112 1119 1201 conderent,
1140 1122 1236 1182 oerte
1258 1111 1309 1180 illi
1402 1123 1403 1154 ³

329 1240 602 1330 sensualismum,
623 1238 661 1308 hi
684 1234 1031 1308 transsoendentalem
1053 1232 1308 1330 philosophiam

329 1384 435 1436 uuam
464 1361 630 1433 haberent
651 1373 745 1434 recte
766 1358 1031 1456 philosophandi
1052 1359 1234 1448 rationem,
1250 1381 1308 1428 ex-

328 1487 508 1559 cluderent
536 1497 651 1556 autem
679 1483 963 1580 philosophorum
985 1482 1115 1572 choro,
1134 1495 1307 1578 quotquot

328 1610 429 1682 aliam
448 1609 574 1678 inirent
596 1610 696 1680 viem.
721 1608 791 1680 Nee
815 1605 980 1680 Loekium
998 1605 1161 1702 equidem
1175 1607 1305 1702 ipsum,
1399 1624 1402 1635 ·

327 1755 391 1804 nee
420 1755 500 1803 vero
523 1730 686 1802 Kantium
709 1729 814 1825 hujus
837 1731 1039 1802 temeritatis
1058 1752 1194 1800 aeeuso.
1245 1728 1305 1800 llle

326 1854 418 1924 euim
434 1854 550 1926 sensui
569 1854 711 1926 interuo-
727 1851 902 1924 tribuebat
922 1851 1131 1948 plmimum,
1152 1850 1230 1940 hie,
1252 1852 1304 1922 uti

321 1980 396 2070 jam
415 1977 542 2067 notavi,
564 1987 636 2048 tam
653 1975 829 2046 Platonem
845 1975 1034 2070 exprimere
1056 1971 1302 2068 philosophan-

326 2095 396 2187 do,
416 2123 520 2192 quam
538 2095 758 2170 Aristotelem
778 2109 922 2168 conatus
941 2109 1006 2167 est.
1055 2094 1097 2166 Et
1115 2106 1301 2166 rerouter-

325 2239 417 2312 que,
447 2219 580 2314 antiqui
604 2219 711 2288 instar
733 2217 950 2309 Aristotelis,
974 2221 1082 2313 magis
1097 2216 1300 2290 methodum

325 2339 448 2410 dooere
468 2339 757 2436 philosophandi,
779 2364 882 2434 quam
902 2354 1051 2434 systema
1074 2340 1221 2412 condere
1240 2365 1301 2412 ro·

324 2461 402 2532 luit.
439 2460 507 2533 Sed
530 2459 693 2533 Loekieni
711 2459 928 2555 philosophi,
950 2462 1003 2530 illi
1013 2465 1227 2556 praesertim,
1241 2467 1302 2560 qui

323 2586 361 2656 in
379 2584 518 2656 Francia
537 2581 655 2654 Loekii
676 2583 842 2652 rationem
861 2583 971 2654 secuti
993 2596 1088 2675 suut,
1108 2596 1148 2654 ut
1160 2569 1302 2668 Condil-

298 2775 300 2781 ,
324 2708 452 2797 lacius,
476 2703 736 2795 Dalembertus,
766 2703 961 2795 Helvetius‚
983 2707 1062 2797 elii,
1084 2705 1122 2776 hi
1141 2707 1301 2802 neglecto

323 2809 427 2923 plane
450 2828 584 2898 interno
605 2826 750 2898 hominis
775 2849 896 2918 sensu,
920 2839 1078 2899 externos
1100 2831 1201 2902 unice
1221 2854 1302 2901 sen-

323 2974 381 3022 sus
403 2949 618 3048 exploratum
638 2952 872 3040 iverunt3tum
882 2950 1040 3024 Kantiani
1050 2976 1302 3050 maguampar-

324 3087 394 3146 tem
428 3073 773 3147 tramsoendentalem
802 3073 1055 3170 philosophiam
1072 3077 1168 3148 illam
1189 3077 1300 3150 veluti

323 3219 435 3268 arcem
463 3196 678 3288 hahuerunt,
708 3219 728 3267 e
757 3222 825 3292 qua
847 3199 884 3268 in
905 3211 1055 3270 coeteros
1076 3199 1301 3296 philosophos

323 3343 439 3392 omnes
471 3333 507 3391 et
542 3321 664 3391 veteris
694 3333 730 3391 et
760 3321 957 3393 recentioris
975 3323 1049 3392 aeri
1068 3321 1300 3418 despicerent.

323 3442 399 3530 Quo
430 3444 544 3514 minus
566 3466 646 3514 sane
674 3443 711 3514 id
743 3443 901 3516 effectum
921 3443 985 3516 hac
1004 3445 1120 3518 critica
1138 3445 1298 3541 philoso-

322 3561 405 3660 phia
426 3577 502 3654 est,
525 3566 620 3661 quod
640 3579 833 3664 speraverat
851 3565 1016 3659 Kantius,
1038 3567 1122 3658 fore,
1147 3582 1209 3662 ut,
1233 3570 1298 3640 hae
1401 3617 1402 3620 =

337 3814 391 3920 11)
408 3853 490 3904 houm
503 3869 516 3902 e
527 3852 609 3908 1111111.Ι
618 3854 700 3903 Kantii
710 3853 754 3904 hae
763 3854 943 3921 Wyttenhachii
952 3858 1055 3906 versione
1066 3855 1174 3908 exhihui.
1185 3859 1217 3908 V.
1228 3859 1300 3908 Boe·

325 3947 388 3996 erte.
406 3944 462 3998 Vol.
477 3945 523 3996 111.
539 3947 568 3996 Ρ.
586 3945 627 3996 lv.
646 3963 671 4012 p.
689 3945 738 3996 xl.
