2828 5098
493 495 711 612 -135-5-

109 717 190 762 moe
205 717 363 788 poenae,
388 695 533 762 etiamsi
555 701 697 764 caetero
714 693 1083 791 ccppttctc‚quacpo·

109 821 254 904 tantur,
279 815 450 912 effugerit
471 813 485 912 (
507 813 533 911 ).
1157 795 1161 804 ¹

159 934 364 1009 Doctrinae
395 936 554 1032 politicae
583 949 702 1010 auctor
722 937 969 1010 recentioribus
990 939 1081 1011 uris-

104 1059 234 1130 toteles
260 1056 347 1146 suit3
374 1060 497 1154 quodsi
513 1063 776 1157 philosophiae
798 1061 993 1156 quaerimus
1021 1085 1083 1156 po·

103 1182 226 1255 liticac
253 1181 440 1279 principia,
461 1207 551 1256 uuus
580 1182 679 1256 nobis
701 1185 854 1256 omnium
873 1179 1018 1254 ma'xime
1033 1183 1082 1253 lc-

105 1306 242 1398 gendus
261 1303 358 1378 Plato
380 1318 442 1378 est.

525 1463 669 1492 4-

505 1649 690 1764 rcuuo

349 1859 450 1908 NOVAB
474 1857 697 1908 Pultosotmtu
722 1858 851 1906 AUCTOR.
970 1871 977 1892 κ

54 2051 57 2056 ’
159 2043 203 2114 Et
217 2045 267 2116 sie
285 2043 426 2139 quidem
437 2043 705 2138 eopcrveuimus
718 2035 870 2130 teuderii,
884 2052 923 2110 ut
932 2037 981 2128 id,
994 2037 1088 2133 quod

85 2196 88 2201 ·
109 2165 272 2257 diximus,
301 2191 408 2238 novae
437 2167 539 2264 plane
565 2164 803 2262 philosophiae
820 2175 994 2235 auctorem
1011 2160 1088 2232 Pla·

110 2299 230 2361 tonem
259 2288 376 2378 fuisse,
406 2289 625 2383 explicemus.
675 2289 865 2360 Novitatem
881 2297 998 2357 autem
1020 2306 1089 2356 uon

109 2409 361 2502 intelligimus,
379 2432 483 2502 quam
492 2405 692 2500 intelligunt
702 2407 880 2480 recentiori
890 2419 1001 2479 aetate
1009 2405 1089 2502 phi-

109 2530 282 2627 losophi,
301 2531 363 2625 qui
386 2528 512 2622 singuli
532 2527 638 2617 ferme
658 2549 785 2598 novum
805 2527 951 2598 condere
976 2527 1089 2622 philo-

110 2653 254 2749 sophiae
284 2665 432 2748 systema
451 2631 712 2722 contenderunt.
763 2649 879 2740 Plato,
895 2662 935 2720 ut
957 2649 1091 2719 drama·

111 2777 201 2849 ticus
223 2777 388 2869 scriptor,
407 2775 443 2844 in
473 2773 617 2866 dialogis
633 2773 785 2843 diceutes
806 2771 887 2844 lecit
909 2771 992 2843 alios
1012 2769 1104 2866 plri-¹

111 2897 294 2992 losophcs,
314 2905 422 2968 semet
444 2897 558 2990 ipsum
578 2913 660 2966 vero
672 2893 844 2965 dicentem
855 2915 925 2966 non
936 2895 1090 2965 induxit:

113 3021 160 3088 iu·
182 3018 257 3102 solo
287 3021 329 3090 de
350 3019 508 3115 Legibus
528 3037 648 3111 opere,
674 3016 769 3112 quod
789 3039 891 3088 senex
913 3017 1091 3106 condidit,

114 3144 202 3238 ipse,
224 3144 379 3236 hospitis
391 3143 621 3212 Atheniensis
642 3141 796 3229 nomine,
815 3134 860 3208 de
877 3139 1091 3210 institutione

115 3275 150 3334 et
179 3263 315 3358 legibus
354 3274 468 3356 pamas
499 3261 616 3370 habet.
664 3260 784 3332 Aliena
816 3261 901 3334 haec
929 3263 1016 3334 ratio
1047 3260 1092 3334 ab

117 3409 235 3459 earum
267 3387 458 3457 temeritate
489 3391 559 3477 est,
592 3385 655 3480 qui
687 3385 736 3455 nil
768 3386 833 3457 nisi
850 3409 977 3457 novum
998 3387 1089 3460 inau-

117 3509 300 3604 ditumque
329 3509 366 3579 in
392 3507 505 3580 lucem
524 3520 625 3580 avent
647 3506 809 3604 prolerre.
840 3509 928 3580 ised
946 3508 1091 3591 Platoni·

117 3653 177 3702 cae
208 3632 340 3702 novitas
374 3630 608 3727 philosophiae
637 3631 786 3726 primum
819 3633 906 3703 nova
941 3632 1092 3704 cernitur
1155 3709 1180 3718 x,

119 3751 239 3826 time.
288 3754 375 3843 Quis
394 3756 491 3846 euim,
510 3767 590 3826 ente
606 3775 686 3825 eum
706 3751 931 3849 philosophus
951 3753 1093 3846 dialogis

154 4019 189 4092 (a)
208 4024 289 4076 Cicera
306 3974 425 4092 Do'llop.
444 4023 488 4073 lll.
506 4025 545 4072 η.
