2828 5098
499 487 688 556 ...93-

110 678 291 755 Aristotele
326 703 512 775 eorumque
544 683 759 779 philosophia
790 688 827 754 in
854 691 1077 764 animumin·

86 801 203 872 duxi.
255 801 313 874 Fst
338 801 422 874 haec
445 804 574 898 quippe
595 817 789 901 temporum
810 821 1002 882 nostrorum
1024 838 1077 884 ra·

18 921 19 928 ’
103 923 177 1012 tio,
215 936 255 994 ut
291 947 353 996 nec
383 925 548 1020 appellari
583 927 747 1000 Platonici
770 943 828 1000 aut
851 929 1076 1024 Aristoteliei,

104 1068 220 1139 neque
255 1047 355 1116 etiam
386 1045 504 1118 haberi
537 1049 608 1118 sive
639 1050 801 1142 Cartesii,
836 1055 907 1124 sive
940 1054 1076 1146 Loclii,

103 1169 179 1238 sive
208 1167 341 1258 Kantii,
375 1171 445 1240 sive
464 1175 700 1268 cujuscunque
722 1176 861 1246 tandem
882 1177 1078 1274 philosophi

105 1291 252 1362 asseclae
275 1304 310 1362 et
333 1304 513 1368 sectatores
538 1295 697 1366 velimus:
722 1321 795 1368 esse
817 1323 896 1371 vero
917 1303 982 1396 ipsi
1004 1301 1078 1397 phi·

105 1413 240 1509 losophi
276 1427 311 1486 et
348 1417 472 1508 eligere
505 1440 546 1488 ex
568 1421 775 1513 optimorum
796 1412 1078 1520 quorumcunque

106 1535 388 1632 philosophorum
422 1537 556 1632 placitis
590 1543 718 1634 optima
750 1568 905 1640 quaeque
938 1547 1075 1618 studea-

106 1683 194 1730 mus.
244 1659 320 1746 Quo
342 1661 379 1729 in
401 1663 656 1752 generosissimo
683 1665 852 1758 explendo
872 1667 987 1743 studio
1009 1669 1076 1740 ad-

107 1757 240 1852 vertant
262 1784 391 1854 animos
414 1795 546 1854 nostros
568 1807 649 1878 prae
671 1789 811 1858 caeteris
840 1791 997 1862 omnibus
1018 1815 1077 1862 ne·

105 1927 198 1975 cesse
233 1915 284 1976 ast
315 1904 488 1976 duumviri
523 1904 575 1974 illi
609 1908 762 2001 antiqui,
798 1908 899 2004 longe
926 1890 1077 1985 omnium

105 2029 382 2118 celebratissimi,
413 2028 509 2098 Plato
533 2041 567 2098 et
589 2028 800 2102 Aristoteles.
851 2032 935 2104 Nam
956 2033 1078 2104 horum

104 2175 144 2224 ox
165 2151 262 2224 fonte
283 2164 322 2222 ut
343 2175 458 2224 omnes
481 2151 681 2243 hauserunt,
704 2155 902 2251 quicunque
919 2169 997 2250 post
1019 2158 1078 2252 ip-

105 2297 158 2344 sos
193 2273 428 2370 philosophiae
460 2288 626 2352 naverunt
649 2299 804 2370 operam,
828 2279 874 2348 ita
898 2278 997 2348 nohis
1021 2291 1079 2348 et*

105 2395 268 2464 iamnunc
289 2393 516 2462 hauriendum
539 2406 609 2481 est,
632 2397 661 2464 si
683 2397 823 2488 quidem
834 2399 1079 2491 elegantiarum

104 2517 234 2586 artium
269 2514 514 2607 literarumque
547 2527 582 2582 et
604 2537 683 2584 vero
705 2515 936 2588 doctrinarum
957 2521 1079 2590 studiis

104 2637 267 2735 prodesse
300 2638 489 2732 cupiamus.
540 2636 598 2718 Est
629 2649 743 2708 autem
766 2663 845 2710 cum
867 2639 1005 2710 delectu
1026 2665 1079 2712 res

106 2761 327 2834 instituenda.
378 2762 463 2832 Nam
495 2783 617 2830 nocere
639 2760 738 2831 nobis
762 2773 906 2856 uterque
927 2760 1080 2857 philoso-

108 2883 195 2979 phus
220 2896 354 2981 potest,
378 2885 439 2954 ubi
462 2883 517 2954 vel
540 2907 559 2952 e
582 2883 723 2956 Platone
747 2886 967 2974 assumimus,
991 2909 1079 2980 quae

106 3010 225 3104 poesin
256 3008 385 3101 magis,
420 3031 522 3102 quam
556 3005 808 3102 philosophiam
838 3007 1001 3095 deceant,
1024 3008 1078 3077 vel

98 3128 297 3202 Aristotelis
319 3128 385 3200 hoc
408 3127 549 3200 consilio
571 3127 748 3199 dialectice
772 3139 875 3222 atque
897 3127 1080 3221 metaphy-

106 3252 173 3323 sicd
205 3254 352 3342 utimur,
378 3274 447 3347 quo
470 3249 601 3320 facilius
625 3252 819 3344 certiusque
843 3251 879 3319 in
902 3272 1018 3320 omnes
1043 3263 1078 3320 et

107 3362 327 3470 philosophos
361 3385 395 3444 et
425 3370 708 3472 philosophorum
730 3372 900 3442 doctrinas
923 3371 1075 3442 domine·

106 3519 195 3566 mur.
245 3493 396 3585 Quorum
428 3495 631 3566 alterutrum
654 3495 683 3564 si
710 3495 997 3585 commiserimus,
1022 3491 1078 3570 do-

106 3617 245 3714 ξόσοφοι
279 3621 405 3690 erimus
427 3617 699 3713 habebimurque
721 3617 819 3689 facile
841 3617 934 3714 apud
955 3619 1076 3712 vulgus

48 3786 59 3800 -
107 3742 221 3836 σοφοίε
258 3744 439 3836 φιλόσοφοι
473 3765 571 3832 vero,
616 3740 733 3837 quales
769 3763 841 3812 esse
883 3765 944 3812 nos
978 3742 1077 3812 unice
1126 3803 1131 3816 ,
1201 3736 1204 3742 “

107 3877 252 3958 oportet,
276 3880 345 3936 non
356 3867 493 3936 erimus.
507 3865 591 3936 Vera
603 3864 742 3936 demum
753 3864 968 3961 philosophia
980 3863 1075 3951 haec,

108 4009 159 4057 me
177 3988 316 4080 judice,
341 4001 410 4080 est,
437 4011 525 4082 quaa
548 4010 566 4057 e
588 3988 764 4084 principiis
775 3987 878 4060 ducta
890 3987 1076 4060 Socraticae
