2836 5080
499 445 688 518 ...31...

111 637 150 709 ad
183 637 289 733 ipsius
312 639 415 710 etiam
436 638 582 710 hominis
603 640 830 734 cognitionem
854 611 981 712 undae.
1032 637 1080 710 Eo

110 771 220 834 eutem
254 761 292 830 in
326 761 444 857 primis
466 773 538 834 toto
559 763 702 834 Socratis
723 761 939 858 philosophia
959 761 1078 834 valuit.

109 881 174 954 Sed
209 881 276 956 hoo
297 881 342 954 de
362 905 400 952 ro
421 883 599 980 deinceps:
617 907 724 974 nuno,
747 907 826 956 eum
848 885 963 980 ipsum
983 903 1081 979 spoc-

108 1017 221 1077 tnmus
253 1006 375 1097 suuni,
410 1005 562 1078 indolem
584 1007 622 1076 in
644 1006 705 1080 illo
728 1029 769 1078 eo
787 1011 950 1101 majorem
969 1005 1081 1078 exoel·

107 1129 298 1223 sioremque
329 1129 554 1222 agnoscimus,
590 1153 661 1225 quo
682 1129 817 1225 plenius
835 1141 944 1202 semet
968 1130 1081 1226 ipsum

104 1251 173 1324 sibi
206 1251 319 1346 potuit
346 1249 526 1346 subjicere.
578 1251 721 1324 Videtur
747 1274 789 1322 ex
810 1250 873 1324 illo
893 1251 997 1324 fuisse
1018 1250 1082 1324 ho·

106 1374 238 1446 minum
259 1395 402 1468 genere,
423 1376 484 1470 qui
508 1401 528 1448 o
551 1375 688 1448 Graecis
708 1370 895 1472 ἐγκρατεῖς,
919 1376 1083 1472 αὐτοκρα-

107 1503 189 1590 seio,
210 1496 463 1596 mironpciwpec,
488 1506 548 1572 sui
561 1514 725 1597 potentes
742 1500 812 1574 dici
829 1501 1004 1593 solebant,
1022 1525 1081 1574 ve·

107 1622 353 1720 hementerque
385 1625 430 1696 ab
464 1626 613 1720 antiquis
646 1625 777 1696 laudati
800 1638 893 1700 sunt.
938 1625 1080 1722 Stilpo-

106 1771 205 1836 nem,
237 1748 286 1818 nit
319 1746 454 1837 Cioero,
488 1751 650 1818 scribunt
673 1750 791 1842 ipsius
806 1750 1022 1846 familiares
1046 1757 1082 1820 ei

105 1871 283 1940 ebriosum
309 1881 347 1941 et
371 1869 604 1946 mulierosum
612 1871 755 1965 foisse:
774 1893 883 1965 noque
903 1871 967 1942 dno
988 1873 1082 1942 som-

105 1991 193 2063 bunt
213 1995 478 2087 vituporantes,
500 1993 566 2064 sed
574 1997 703 2088 potius
722 1995 773 2063 ad
790 1995 954 2064 laudem:
974 1995 1082 2064 vilio·

104 2137 185 2185 som
212 2118 309 2186 onim
332 2126 501 2188 naturam
532 2118 576 2188 ab
596 2141 635 2188 eo
654 2121 709 2188 sio
730 2117 920 2188 edomitam
936 2125 972 2187 ot
990 2140 1082 2186 eom-

96 2262 271 2332 pressam
298 2264 373 2310 esse
404 2238 591 2329 doctrino,
620 2251 662 2312 ot
690 2265 790 2312 memo
809 2265 963 2337 umquam
981 2242 1082 2310 oino-

101 2361 240 2432 motum
274 2361 397 2448 iilum,
427 2387 527 2432 mono
558 2365 599 2430 in
628 2387 668 2434 eo
702 2364 867 2434 libidines
889 2363 1083 2458 oostigimn

98 2484 249 2553 viderit
269 2480 331 2578 (ἢ.
382 2479 480 2552 Tales
506 2494 620 2552 autem
644 2483 705 2578 qui
729 2483 852 2553 naturd
870 2495 950 2556 sunt
971 2476 1082 2554 homi-

100 2627 187 2694 nes,
222 2627 293 2676 non
323 2606 371 2676 ito
395 2603 495 2676 focile
518 2603 563 2674 od
587 2605 753 2698 integram
776 2605 940 2675 virtutem
962 2625 1084 2698 perve-

102 2727 226 2815 niunt,
253 2739 292 2798 ut
316 2727 368 2798 iili
392 2727 524 2818 solent,
549 2729 610 2823 qui
634 2729 690 2798 vix
708 2727 856 2818 habent,
880 2749 968 2822 quae
990 2748 1083 2797 oom-

103 2860 269 2942 pmcnnt,
294 2850 396 2920 insito
420 2859 561 2920 notorio
585 2850 687 2920 vitia:
712 2849 817 2921 iidem
841 2871 923 2920 vero
946 2847 1007 2920 ubi
1032 2869 1082 2918 se

102 2971 177 3040 mel
211 2995 286 3044 osse
316 2985 477 3069 potentes
509 2972 563 3044 sui
587 2983 791 3067 coeperunt,
822 2981 897 3042 tum
920 2993 1000 3044 vem
1024 2971 1083 3040 in-

102 3093 307 3166 emdihilffln
340 3095 513 3191 quandam
546 3095 669 3166 mentis
700 3095 770 3165 vim
795 3093 957 3189 produnt.
1007 3091 1084 3178 Quo

102 3238 189 3286 sone
222 3216 353 3290 facilius
388 3217 630 3312 intelligimus,
664 3239 781 3287 ansam
804 3214 924 3286 multis
948 3213 1085 3286 dedisse

102 3338 299 3429 Socratem,
324 3351 364 3411 ut
387 3342 501 3437 ipsum
525 3331 814 3434 iepmhendomnt
840 3350 875 3408 et
896 3336 1084 3410 columnia-

101 3473 231 3532 rentur
253 3462 356 3552 odeo,
381 3463 442 3535 sed
467 3487 508 3535 eo
532 3464 634 3534 etiam
658 3462 771 3532 minus
789 3485 1002 3558 quaeremus,
1023 3463 1084 3556 qui

103 3581 241 3656 factum
264 3585 327 3677 sit,
353 3597 393 3658 ut
412 3597 543 3658 tantam
565 3585 626 3656 iile
646 3583 776 3658 civibus
795 3587 867 3658 suis
886 3609 964 3656 oum
987 3581 1086 3656 forti·

105 3706 288 3796 tudinem,
312 3719 389 3778 tum
409 3709 650 3798 constantiam,
673 3719 749 3778 tum
773 3708 875 3780 etiam
896 3706 1085 3780 auctorito-

141 3970 181 4041 (Ἴ
202 3975 241 4022 De
261 3974 332 4024 Fato.
352 3987 373 4022 e.
393 3974 421 4023 d.
