2836 5080
737 522 921 594 ..58-

243 705 246 712 ‚
340 751 410 800 non
433 726 497 798 es‘?
532 727 568 798 si
590 726 677 796 nolis
699 723 872 814 confiteri,
897 733 1000 796 testes
1025 721 1194 796 adducam
1217 725 1317 819 equi-

338 851 429 922 dem.
478 847 546 920 Scd
576 870 690 920 nonne
712 849 815 920 etiam
837 847 965 918 tibicen
987 869 1023 917 es
1045 845 1148 940 longe
1170 845 1231 918 illo
1253 846 1317 920 ad·

338 966 552 1044 mirabilior?
601 971 662 1042 llle
684 971 776 1042 enirn
798 970 1032 1044 instrumentis
1053 968 1229 1042 demulcet
1252 969 1316 1040 ho-

217 1171 225 1186 ,
338 1097 470 1167 minum
501 1095 630 1166 animos
663 1093 780 1164 divina
811 1092 871 1163 illa
904 1093 970 1164 oris
1001 1093 1056 1162 vi:
1080 1103 1122 1164 tu
1142 1104 1259 1166 autem
1277 1093 1315 1162 in

337 1218 404 1290 hnc
438 1218 604 1288 duntaxat
637 1214 683 1286 nb
715 1214 776 1286 illo
809 1213 947 1304 differs,
982 1211 1033 1289 dri
1069 1213 1144 1288 tue
1174 1211 1316 1312 ὀργάνων

338 1336 480 1431 ψιλοῖς
513 1339 658 1436 λόγοις
686 1337 808 1412 rnvrbr
830 1343 928 1410 τοῦτο
952 1338 1052 1418 ποιεῖς
1075 1334 1173 1434 (†).''
1224 1337 1315 1414 Talis

340 1487 465 1560 nempe
498 1487 638 1560 prorsus
672 1474 744 1534 erat
777 1458 987 1534 admirabilis
1022 1440 1082 1532 illa
1109 1461 1256 1534 Socra'is
1280 1463 1314 1532 in

337 1587 550 1658 sermonibus
571 1587 635 1658 vis.
660 1586 734 1658 Non
757 1598 869 1656 orator
887 1583 947 1654 ille
969 1595 1062 1673 erat,
1085 1584 1146 1678 qui
1166 1583 1315 1656 dicendo

337 1709 498 1805 probaret
520 1708 758 1799 audientibus,
784 1720 858 1779 arte
879 1732 917 1780 se
940 1707 1123 1805 eloquendi
1134 1708 1314 1797 excellcre,

207 1885 212 1898 .
337 1857 406 1928 quo
439 1833 545 1926 magis
575 1831 612 1901 hi
646 1832 761 1927 ipsum
782 1831 995 1927 suspicerent
1017 1854 1057 1903 ac
1079 1830 1239 1902 laudibus
1261 1855 1315 1902 ce

209 1967 210 1970 ’
338 1956 525 2032 lebrarent:
556 1955 719 2026 brevibus
741 1954 905 2026 utebatur
923 1955 1257 2048 interrogatiunculis
1278 1969 1315 2026 et

337 2078 477 2150 vocibus
508 2077 553 2148 de
585 2077 698 2148 medio
719 2079 840 2148 sumtis
849 2105 861 2164 ¹3
894 2075 956 2148 sed
982 2076 1036 2150 his
1058 2076 1250 2169 efficiebat,
1275 2091 1315 2149 ut

337 2201 398 2294 qui
440 2198 708 2295 responderent,
747 2201 784 2270 in
817 2211 925 2270 semet
959 2201 1050 2297 ipsos
1084 2202 1313 2297 respicerent:
1409 2271 1410 2304 ,

337 2321 454 2417 quales
477 2333 609 2414 essent,
633 2320 788 2418 quidque
810 2323 893 2418 ipsis
914 2322 959 2392 ad
980 2322 1070 2394 bene
1093 2322 1313 2417 cogitandum
1409 2347 1410 2356 ³

336 2445 492 2540 beneque
525 2442 695 2538 agendum
726 2457 762 2516 ct
790 2443 976 2518 vivendum
998 2445 1155 2538 deesset,
1178 2449 1313 2544 perspi-

336 2579 469 2640 cerent:
493 2569 542 2639 sic
568 2579 684 2640 autern
706 2569 913 2664 optimarum
935 2590 1049 2638 rerum
1072 2566 1189 2640 studio
1210 2580 1315 2664 atque
1408 2575 1409 2618 l

334 2714 448 2762 amore
470 2689 775 2760 inflammarentur.
798 2689 898 2778 Quod
919 2713 982 2760 suo
1004 2690 1078 2786 ipse
1100 2715 1168 2764 usu
1188 2703 1223 2761 et
1252 2713 1315 2762 ex·-
1406 2743 1407 2746 ,

335 2812 500 2907 perientid
526 2810 676 2882 declarat
698 2809 903 2882 Alcibiades.
940 2810 1063 2906 siligo,
1086 2813 1164 2904 riri,
1185 2813 1312 2908 inquit,
1406 2799 1407 2808 ἵ

336 2935 401 3006 nisi
435 2933 537 3029 plane
569 2933 705 3004 viderer
737 2933 854 3006 ebrius
888 2957 982 3024 csso,
1012 2934 1162 3006 dicerem
1192 2935 1312 3024 vobis,

287 3053 294 3066 ’
334 3057 535 3154 interposito
561 3057 805 3152 jurejurando,
834 3057 1122 3154 quemadmodum
1145 3060 1220 3154 ipse
1243 3058 1313 3132 fere

334 3181 438 3275 hujus
471 3179 685 3252 sermonibus
717 3179 857 3252 affectus
880 3181 946 3252 sim
967 3179 1162 3277 efficiarque
1185 3183 1312 3253 etiam-

334 3325 439 3374 nunc.
480 3299 589 3377 Ὅταν
621 3301 690 3400 ’γὰρ
715 3303 838 3382 ἀκούω,
863 3307 950 3376 wald
973 3331 1030 3398 μοι
1053 3307 1185 3397 μᾶλλον
1208 3302 1227 3396 ἢ
1250 3307 1311 3380 τῶν

334 3421 614 3520 κορυβαντιῶντων
641 3423 661 3515 ἶὶ
683 3451 721 3498 τε
743 3422 859 3522 καρδία
880 3422 994 3519 πηδᾷ,
1022 3428 1079 3500 xa>
1102 3423 1234 3524 delapsa
1256 3423 1310 3500 ia*
1406 3475 1407 3512 ᾗ

335 3550 451 3646 χεῖται
486 3548 548 3623 ὑπὸ
572 3551 634 3622 τῶν
656 3552 762 3648 λόγων
785 3551 846 3622 τῶν
869 3551 1000 3644 τούτου·
1025 3549 1082 3646 ὁρῶ
1104 3547 1140 3626 dl
1164 3552 1222 3624 na>
1245 3549 1312 3626 ἄλ-

333 3681 412 3749 λους
442 3669 662 3764 παμπόλλους
693 3671 742 3746 rit
762 3669 852 3747 atet
874 3669 1093 3772 πάσχοντας.
1143 3675 1311 3748 Periclem
1405 3765 1406 3780 χ

335 3815 414 3866 vcro
446 3792 572 3866 aliosve
603 3794 810 3867 excellentes
845 3809 993 3870 oratores
1025 3798 1187 3890 audiens,
1221 3799 1312 3876 benc

343 3961 542 3988 -ι-ὗ--ι--ι

368 4066 402 4136 p)
424 4071 507 4136 sm.
527 4068 580 4118 crs
596 4067 625 4133 r,
642 4066 668 4116 e
