2836 5080
523 478 708 550 ..55-

124 693 193 762 go:
217 672 258 738 in
280 667 436 742 Platona
458 684 513 744 est
533 677 612 768 spec
635 673 814 751 Socrates,
838 673 911 740 eta
930 671 1097 750 suaerat.

126 800 222 864 certe
244 792 378 889 formd
400 804 436 866 ct
456 799 614 870 rationo:
639 799 785 892 spirat,
810 802 982 874 movetur,
1006 798 1097 889 aget,

125 912 296 1008 loquitur,
321 917 491 1010 legantem
514 923 663 1000 ananei,
687 929 723 988 et
744 921 786 994 in
808 917 962 992 scamis
985 921 1095 988 socia

124 1044 236 1106 tatem
269 1039 409 1130 inducit
430 1039 492 1137 (⁴¹)
542 1042 619 1114 Fuit
650 1061 774 1135 nempe
801 1038 898 1116 Plato
914 1039 1099 1132 mitnogra-

121 1157 232 1251 phus:
251 1183 319 1232 noa
342 1161 522 1258 colloquia,
543 1186 633 1258 quae
652 1163 756 1256 vulgo
767 1161 943 1250 dicuntur,
954 1159 1016 1232 sed
1026 1159 1098 1232 dia·

121 1281 230 1373 logos,
262 1283 330 1358 imo
362 1286 483 1358 mimos
517 1309 557 1358 ac
590 1285 741 1361 dramata
763 1285 900 1380 scripsit
920 1283 965 1354 ad
985 1305 1099 1355 exem·

122 1401 222 1496 plima
243 1407 390 1479 maxime
409 1407 594 1502 Sophronis
619 1422 654 1482 ct
677 1405 925 1502 Aristophanis,
947 1429 1047 1501 quos,
1059 1418 1098 1476 ut

123 1526 260 1598 Veteres
282 1529 528 1625 prodiderunt,
551 1556 588 1604 1n
610 1531 741 1604 deliciis
768 1530 928 1614 habehat.
979 1529 1097 1624 Expri-

126 1673 216 1720 mere
248 1652 390 1741 iccirco,
427 1654 521 1747 quod
553 1653 663 1728 facere
696 1656 850 1750 inprimis
872 1651 1097 1748 mimographi

123 1784 156 1842 et
189 1774 309 1844 comici
343 1774 473 1865 solent,
508 1799 619 1847 mores
653 1776 829 1870 ipsamque
861 1775 1031 1868 cogitandi
1063 1786 1098 1844 et

21 1937 23 1946 „
121 1895 244 1988 agendi
273 1897 440 1969 rationem
474 1922 593 1973 eorum
625 1897 756 1988 voluit,
786 1922 873 1993 quos
899 1899 935 1968 in
957 1897 1098 1988 dialogis

121 2017 274 2090 dicentes
297 2031 503 2116 agentesque
526 2020 731 2108 mducebat3
752 2023 789 2093 iu
812 2019 866 2092 his
885 2031 999 2096 autem
1020 2041 1099 2090 cum

121 2154 235 2235 partes
268 2145 428 2217 maximas
460 2147 612 2220 omnium
643 2146 771 2220 Socrati
794 2145 983 2236 tribueret,
1005 2142 1099 2214 hunc

120 2265 304 2360 praecipue
325 2279 577 2360 repraesentare
600 2268 698 2340 nohis
716 2279 829 2342 totum
841 2266 988 2342 studuit.
1014 2265 1096 2336 Cae-

119 2396 236 2456 terum
270 2386 306 2455 in
338 2386 538 2460 virtutibus¹
557 2387 793 2482 praedicandis
816 2391 900 2478 viri,
923 2389 1008 2460 vitia
1028 2411 1097 2462 non

119 2505 316 2576 occultavit.
354 2507 410 2577 Sic
435 2507 527 2602 apud
551 2531 631 2578 eum
655 2507 842 2581 identidem
862 2509 1015 2604 loquitur
1030 2511 1096 2584 So-

119 2640 252 2718 crates,
284 2642 324 2700 ut
355 2627 527 2722 hominem
559 2631 596 2700 in
627 2651 668 2702 eo
700 2653 944 2723 agnoscamus,
976 2634 1097 2702 uaturd
1194 2623 1199 2634 ’

120 2751 344 2826 libidinosum
375 2775 416 2824 ac
444 2750 694 2847 voluptarium:
716 2775 924 2849 quamquam
947 2753 1039 2828 idem
1061 2755 1098 2826 in

123 2873 292 2947 Phaedro
331 2887 366 2946 et
407 2875 595 2971 Symposio
628 2869 778 2949 amorem
811 2877 856 2948 ad
891 2878 1097 2973 optimarum

122 3021 235 3070 rerum
266 2997 379 3073 studia
410 2996 525 3070 refert.
576 2998 664 3070 Tum
696 3000 821 3088 etiam,
849 2999 944 3094 quod
971 3001 1096 3071 mentis

121 3123 243 3192 attinet
263 3143 426 3211 acumen,
452 3145 523 3216 quo
542 3121 740 3196 excelluisse
761 3132 893 3196 constat
902 3121 1096 3210 Socratem,

123 3245 308 3340 sophistam
338 3245 396 3316 ille
428 3245 464 3316 in
496 3239 647 3316 Platonis
675 3244 816 3339 dialogis
837 3255 907 3338 egit
931 3262 1096 3320 nonnun-

123 3391 242 3461 quam,
274 3369 323 3439 sic
345 3379 459 3438 autem
482 3368 572 3460 agit,
606 3378 646 3438 ut
674 3367 766 3462 ipsos
788 3366 983 3464 Sophistas,
1012 3369 1095 3463 qui-

121 3490 267 3562 buscum
303 3489 527 3584 colloquitur,
569 3489 670 3582 longe
708 3488 876 3584 longeque
908 3489 1095 3584 argutando

121 3613 320 3708 artibusque
351 3610 542 3708 sophisticis
572 3613 696 3683 vincat.
747 3609 835 3684 Vitia
859 3611 943 3684 hacc
977 3613 1094 3684 Socra-

122 3737 164 3808 tis
199 3735 361 3825 fuerunt,
396 3736 543 3830 optimae
579 3735 723 3830 stirpis,
758 3715 805 3808 ut¹
828 3737 960 3831 antiqui
991 3759 1095 3808 voca·

126 3985 127 3992 ’
159 4007 194 4077 p)
212 4009 292 4060 arasa.
312 3991 404 4059 sorsat.
421 4021 449 4073 p.
464 4005 512 4057 al.
