2828 5098
468 513 687 586 -123-

93 705 236 780 invicem
273 705 426 798 junctis,
469 704 536 776 scd
569 729 656 800 quae
691 705 834 801 simplex
867 709 1060 802 ipsa,1uue

93 826 282 922 eodemque
305 838 422 898 tenuo
450 827 656 922 procederae,
690 828 850 900 omnibus
870 831 1000 911 artibus
1021 857 1062 906 ao

91 949 282 1046 disciplinis
316 950 384 1018 vim
421 947 554 1020 inderet
577 949 621 1022 ad
638 962 731 1022 reete
750 949 974 1034 excolendum
993 951 1061 1026 ho-

89 1074 219 1144 minem
255 1070 556 1168 suscitandumque
590 1075 627 1144 in
654 1097 696 1146 eo
729 1097 768 1146 ac
794 1074 1060 1168 moderandum,

88 1195 263 1290 quidquid
295 1193 437 1266 haberet
470 1194 637 1272 divinum.
687 1195 930 1292 Quamquam
963 1200 1063 1272 unice

89 1317 298 1390 existimaret
330 1340 445 1392 veram
469 1342 542 1390 esse
568 1331 604 1390 et
624 1319 806 1410 diuinum,
838 1331 878 1392 ut
897 1320 1062 1412 vocabat,

18 1531 20 1538 y
89 1441 363 1538 philosophiam,
398 1465 521 1514 novam
549 1444 622 1538 ipse
649 1443 815 1534 musices,
838 1467 960 1516 novam
979 1445 1063 1538 poe'·

90 1589 183 1657 seeo,
208 1559 331 1638 novam
353 1565 559 1656 rhetoricae,
579 1589 702 1638 novam
722 1565 966 1656 arithmeticae,
986 1588 1062 1658 geo·

89 1691 249 1780 metriae,
279 1677 523 1778 astronomiae,
557 1711 679 1764 novam
711 1689 749 1758 in
769 1688 888 1782 primis
908 1685 1063 1760 dialecti·

90 1837 152 1886 cae
171 1814 338 1884 rationem
357 1809 504 1882 induxit.
538 1809 700 1906 Idemque
722 1833 823 1904 porro
845 1821 881 1878 ct
902 1808 1064 1880 moralem

89 1935 361 2032 philosophiam,
394 1959 415 2004 a
447 1935 585 2006 Socrate
625 1932 819 2021 conditam,
852 1931 1065 2030 confirmavit

90 2084 130 2131 ac
151 2059 316 2130 stabilivit
338 2070 375 2129 et
396 2057 553 2130 conditor
574 2056 643 2130 dici
660 2056 819 2152 politicae
829 2051 1066 2151 philosophiae

90 2193 227 2277 potest,
253 2193 372 2254 auctor
390 2181 475 2253 adeo
496 2180 563 2252 luit
586 2202 693 2253 novae
713 2176 966 2275 philosophiae:
985 2173 1066 2272 phi-

90 2303 283 2400 losophiam
314 2316 426 2394 certe,
455 2329 559 2398 quam
587 2305 696 2375 veluti
716 2303 918 2374 vaticinatus
940 2293 1065 2372 Socr'a-

88 2439 144 2498 tes
173 2426 303 2514 suerat,
336 2414 416 2496 cuni
438 2428 474 2496 in
497 2427 610 2497 lucem
628 2425 813 2519 produxit,
836 2437 912 2496 tum
932 2423 1063 2496 consti-

88 2549 183 2638 tuit,
215 2547 422 2638 elaborarit,
445 2545 600 2642 perfecit.
651 2545 719 2617 Sed
739 2544 824 2618 haec
845 2545 958 2616 omnia
976 2567 1064 2638 ope-

90 2693 149 2742 rae
170 2671 322 2766 prctium
344 2681 397 2740 cst
418 2669 616 2762 singulatim
638 2680 673 2740 et
694 2665 1066 2762 quamdiligentissime

91 2815 273 2888 exponere.
324 2792 506 2873 Ordiamur
534 2792 579 2864 alr
599 2791 725 2864 artium
746 2813 787 2860 ae
808 2787 1065 2886 disciplinarum

93 2915 352 2988 instauratione.

465 3256 691 3330 PLATO

233 3453 354 3502 lurtum
379 3455 417 3500 lc
442 3449 683 3498 nmcrruruluun
706 3451 930 3500 rusrtuatrou.

144 3638 192 3708 Ut
222 3638 386 3708 musicam
415 3636 520 3730 igitur
552 3649 588 3707 ot
619 3637 740 3732 poesin
773 3648 966 3732 spectemus
992 3634 1068 3731 pri·

96 3784 214 3870 mum,
239 3758 414 3854 duplicem
434 3757 667 3854 distinguebat
689 3759 786 3830 Plato
807 3759 843 3830 in
871 3760 983 3830 animo
1004 3757 1067 3828 ho·

97 3883 197 3956 minis
228 3904 377 3953 amorem
389 3934 400 3972 ,
427 3883 608 3956 coelestem
631 3894 666 3954 ct
686 3883 872 3978 vulgarem.
922 3883 1068 3954 Utrmn·

95 4032 162 4102 que
195 4007 231 4078 in
262 4004 439 4080 Phaedro
459 4007 593 4103 poetica
612 4007 742 4082 ratione
762 4006 993 4093 adumbravit,
1030 4003 1064 4076 io
