2836 5080
736 459 926 530 ...lb-

503 729 737 801 posteritatis
766 733 806 799 de
833 729 980 800 Socrate
997 731 1158 824 jndicio.

394 902 505 972 Fluxit
527 925 567 971 ex
586 901 645 970 ille
668 902 825 990 Socratis,
848 923 936 994 qnae
956 901 1049 994 apud
1061 899 1234 972 Platonem
1247 915 1311 990 est,

114 1061 117 1071 ‹
218 1017 220 1022 ’
345 1023 541 1118 disputandi
569 1025 716 1112 ratione,
741 1047 813 1096 mos
837 1021 1125 1128 Academicorum,
1150 1036 1188 1094 nt
1210 1024 1312 1096 dubi-

345 1158 454 1216 tarent
476 1145 521 1215 de
542 1146 643 1216 rebus
664 1146 835 1234 omnibns,
857 1146 912 1214 vix
933 1145 1132 1240 quidquam,
1151 1158 1311 1240 tanquam

289 1345 293 1355 ἱ
344 1291 460 1337 verum
494 1280 714 1363 certumque,
744 1279 943 1340 statuerent.
994 1267 1069 1355 Quo
1090 1269 1194 1361 magis
1218 1267 1311 1338 dein-

343 1389 386 1460 de
425 1415 445 1458 a
487 1389 603 1460 multis
647 1391 799 1462 Socrates
833 1391 1001 1484 scepticus
1024 1402 1126 1484 atque
1155 1391 1312 1484 opinator

342 1510 454 1583 dietus
478 1523 547 1582 est:
572 1514 757 1584 Arcesilas
778 1517 955 1608 primam,
980 1524 1117 1584 auctore
1138 1510 1311 1602 Cicerone,

342 1659 387 1704 en
412 1639 531 1705 variis
554 1633 722 1708 Platonis
744 1639 866 1724 libris,
886 1638 1168 1732 sermonibusque
1181 1635 1310 1707 Soona-

343 1761 426 1828 tieis
461 1759 524 1828 boo
557 1764 711 1830 monime
730 1763 930 1856 ,arripnit
968 1761 1066 1830 nibil
1093 1784 1166 1828 esse
1197 1763 1308 1839 certi,

342 1883 436 1976 qnod
467 1893 529 1954 ant
559 1885 732 1970 sensibus,
766 1893 828 1953 out
860 1884 980 1954 animo
997 1885 1150 1976 percipi
1167 1885 1308 1978 possit:

341 2030 439 2100 quem
458 2008 593 2100 sanant
625 2008 756 2074 enimin
790 2005 939 2100 quodam
968 2029 1069 2073 mnan
1101 2005 1221 2099 lepore
1250 2005 1310 2074 dt-

341 2128 460 2207 cendi,
492 2136 723 2221 aspernatam
757 2151 830 2196 ease
864 2153 963 2198 omne
986 2129 1102 2198 aneni
1125 2153 1310 2225 sensusque

331 2251 531 2344 judiciam,
551 2253 780 2345 primumque
801 2253 1000 2322 instituisse
1024 2248 1249 2346 (quemqnam
1269 2253 1312 2322 id

329 2377 412 2468 finit
440 2371 665 2444 Socraticum
691 2371 879 2468 masinae),
906 2399 996 2454 non,
1026 2375 1114 2470 qnid
1134 2377 1213 2469 ipsa
1233 2399 1310 2448 sen·

341 2501 443 2576 tinet,
478 2497 683 2577 ostendere·
718 2498 781 2566 secl
812 2507 937 2568 eontra
970 2498 1026 2581 id,
1054 2497 1147 2592 qnod
1166 2499 1310 2592 qnisqne

339 2645 375 2688 se
400 2623 534 2690 sentire
556 2621 723 2697 elisisset,
754 2616 1027 2714 dispntone.(*).
1068 2618 1135 2688 Sed
1156 2629 1310 2716 postero-¹

338 2763 414 2810 rum
438 2737 496 2808 hle
520 2737 683 2808 tradenda
707 2751 788 2810 sunt
808 2738 852 2811 de
877 2741 950 2834 ipso
978 2740 1113 2810 Socrate
1132 2739 1273 2835 judicia.
1308 2735 1312 2745 ’

386 2863 544 2932 Socratici
576 2862 759 2952 Socratem,
782 2863 883 2958 sicuti
904 2865 1019 2934 vivum
1040 2863 1238 2951 dilexerant,
1262 2863 1308 2932 ita

338 2998 509 3056 mortuum
543 2985 722 3056 coluerunt
751 3009 790 3060 ae
821 2985 925 3056 ferme
950 2999 1111 3079 tanquam
1133 2985 1308 3080 sapientis·

336 3110 460 3180 simum
491 3112 639 3182 virorum
673 3111 821 3180 venerati
843 3123 935 3182 sunt.
985 3109 1061 3196 Quo
1083 3107 1218 3180 valebat
1240 3133 1307 3180 non

336 3231 447 3302 solum
473 3235 534 3302 viri
557 3233 693 3322 obitus,
716 3258 786 3328 quo
808 3234 1000 3334 sentiebant
1021 3233 1211 3326 intimoque
1231 3235 1307 3328 pe'e·

337 3367 410 3424 tore
437 3355 691 3450 percipiebant,
717 3355 827 3450 qualis
848 3355 907 3426 ille
928 3367 1156 3450 quantusque-
1171 3353 1306 3442 fuisset,

335 3499 437 3572 quern
470 3478 725 3549 desiderabant:
750 3479 810 3550 sed
842 3475 960 3549 mortis
984 3481 1086 3548 etiam
1108 3478 1213 3567 ratio,
1236 3481 1306 3572 qut

335 3601 362 3670 is
384 3611 522 3696 ereptus
546 3600 627 3694 ipsis
648 3601 776 3688 fuerat,
802 3612 876 3671 turn
897 3623 976 3670 vero
998 3601 1142 3672 maxime
1153 3609 1306 3672 constan·

335 3724 393 3811 tia,
416 3721 584 3816 intrepida
608 3725 715 3794 virtus
727 3723 898 3815 animique
909 3722 1120 3816 magnitudo,
1131 3723 1199 3815 qut
1213 3719 1305 3792 idem

369 3993 406 4064 (a
424 3995 473 4045 ca.
492 3995 521 4044 a
540 3996 607 4046 orae.
627 3992 671 4042 nr.
691 3995 730 4042 rs.
