2828 5098
614 465 620 482 '
699 497 918 572 -ras-

336 710 445 794 tuque
467 717 546 770 cum
567 696 613 766 de
636 695 751 766 divina
773 709 894 768 natura
914 697 1001 790 egit,
1020 709 1096 767 tum
1122 720 1203 770 vcro
1228 723 1307 796 pro-

324 819 520 914 uidentiam
547 817 697 889 divinam
717 841 735 890 a
758 805 986 914 sophistarum
1006 820 1147 913 argutiis
1170 833 1309 894 strenue

336 927 529 1016 viidicavit.
578 939 736 1014 Esoendit
763 943 809 1013 ita
843 941 940 1012 Plato
970 967 990 1011 a
1016 939 1235 1039 philosophia
1267 946 1308 1016 ad

337 1068 552 1160 theologiam,
563 1065 645 1138 hnic
656 1089 736 1136 vero
747 1075 839 1137 recte
852 1064 1046 1136 tractandae
1056 1065 1308 1162 philosophiam

336 1181 786 1286 tanquam'instmmentum
806 1186 981 1258 adhibuit:
999 1213 1069 1284 quo
1091 1189 1238 1260 maxime
1261 1193 1308 1262 in·

337 1313 544 1406 telligimus,
581 1305 871 1406 quemadmodum
906 1333 927 1380 e
956 1309 1130 1382 veteribus
1158 1310 1310 1406 philoso-

336 1436 414 1532 phis
437 1457 525 1506 unus
547 1432 644 1504 Plato
664 1433 818 1528 proxime
835 1431 878 1503 ad
896 1443 1030 1519 nostiae
1047 1431 1219 1526 religionis
1228 1433 1306 1506 doc-

337 1561 459 1628 trinam
491 1556 703 1651 processerit.
753 1553 831 1626 Fuit
862 1555 999 1628 omnino
1031 1553 1128 1626 Plato
1159 1557 1306 1650 purioris

336 1679 611 1773 sublimiorisque
643 1691 713 1748 tam
745 1673 980 1773 philosophiae
1010 1699 1113 1772 quam
1139 1676 1309 1772 religionis

336 1815 465 1876 auctor.
515 1801 554 1873 ld
583 1811 698 1872 autem
727 1801 941 1897 potissimum
973 1799 1079 1896 ipsius
1110 1811 1224 1871 aetate
1250 1827 1308 1874 no·

337 1957 420 2000 cuin
441 1939 525 1998 erat.
575 1925 825 2015 Caeterum„ut
847 1924 922 1994 aliis
942 1921 1154 2019 philosophis
1172 1923 1236 1994 alia
1254 1925 1308 2026 de·

337 2049 566 2144 buithlato„
580 2050 628 2118 ita
657 2047 810 2118 idearum
838 2045 1027 2118 doctrinam
1050 2047 1178 2142 ipsein
1198 2047 1306 2119 lucem

336 2171 488 2268 prodidit
517 2193 556 2240 ac
589 2165 744 2265 perfecit.
800 2168 840 2239 lu
870 2168 1021 2262 legendis
1049 2173 1124 2264 ejus
1150 2171 1307 2266 scriptis,

336 2293 437 2366 sicuti
460 2291 579 2364 ordine
594 2347 596 2360 .
609 2291 889 2386 subsequuntur,
917 2290 1109 2382 cernimus,
1144 2292 1307 2387 quemad·
1397 2337 1398 2392 f

335 2415 476 2488 modum
496 2437 575 2486 cum
598 2414 791 2511 conceperit
808 2412 997 2485 doctrinam
1019 2413 1137 2504 illam,
1160 2425 1237 2486 tum
1262 2416 1307 2484 in·

335 2539 538 2628 formaverit,
567 2549 642 2608 tum
673 2539 777 2607 etiam
792 2535 923 2606 artibus
941 2535 1100 2607 omnibus
1121 2547 1157 2607 et
1177 2536 1308 2609 doctri-

334 2663 387 2734 nis
411 2659 609 2750 tractandis,
627 2659 762 2754 ipsique
781 2655 911 2727 homini
930 2655 1115 2728 excolendo
1136 2659 1309 2753 perficien-

334 2784 448 2879 doque
467 2781 674 2852 adhibuerit.
724 2779 816 2849 Haec
835 2777 1009 2870 doctrina,
1030 2789 1222 2874 quaerente
1233 2779 1310 2852 die·

335 2918 370 2974 ta
387 2908 557 2974 veritatis
578 2902 776 2997 disciplina
800 2911 865 2990 est,
886 2898 982 2990 haec,
1005 2900 1034 2971 si
1052 2924 1121 2996 qua
1139 2899 1216 2992 alia,
1238 2901 1309 2974 Pla·
1395 2937 1396 2976 t

200 3101 207 3112 ,
298 3029 300 3034 ’
335 3027 408 3098 toni
438 3024 503 3097 fuit
524 3025 674 3122 propria,
697 3021 896 3119 eademque,
919 3034 959 3094 ut
978 3021 1176 3094 dominatur
1197 3023 1308 3097 ubivis
1395 2983 1396 3070 l

335 3155 371 3222 in
402 3151 559 3224 omnibus
581 3147 775 3247 philosophi
797 3147 965 3220 derebus
987 3147 1112 3220 divinis
1134 3148 1309 3222 humanis·

334 3297 404 3368 que
422 3273 569 3370 placitis,
596 3293 665 3342 una
687 3272 838 3342 omnium
855 3271 1000 3341 maxime
1020 3270 1153 3360 effecit,
1174 3285 1215 3344 ut
1238 3274 1310 3369 ipsa

334 3395 484 3467 Platonis
495 3394 709 3491 philosophia
721 3409 755 3466 et
766 3403 856 3466 esset
866 3395 968 3489 plane
976 3406 1012 3464 et
1024 3394 1196 3466 videretur
1210 3421 1306 3469 nova.
1394 3375 1395 3398 ³

384 3517 619 3589 Characterem
639 3517 720 3592 hinc
744 3517 842 3591 facile
852 3515 979 3589 ducere
990 3517 1228 3614 philosophiae
1239 3521 1308 3591 Pla

336 3641 466 3713 tonicae
484 3640 592 3720 liceat.
617 3639 708 3732 Sed,
731 3663 776 3711 ne
800 3651 928 3712 temere
948 3640 984 3710 id
1007 3642 1240 3733 instituamus,
1249 3645 1305 3736 ju·
1393 3703 1394 3714 t

334 3765 424 3838 dicio
456 3764 550 3836 illam
583 3778 700 3838 nostro
723 3763 959 3858 subjiciamus,
985 3787 1029 3835 nc
1052 3749 1127 3862 ejus
1147 3764 1246 3840 dotes
1269 3789 1308 3836 ac
1393 3741 1394 3812 l

335 3891 478 3962 virtutes
500 3889 718 3978 admiremur,
738 3889 817 3972 vitia
841 3889 1161 3984 praetermittamus.
1206 3943 1208 3952 .

735 4080 750 4087 -
1193 4113 1199 4122 ι
