2824 5084
441 446 491 502 1-
516 397 683 520 tao-J

67 648 229 719 llantiana
252 644 479 740 philosophia,
503 646 736 718 Aristotelicae
758 627 863 715 instar
885 647 1038 739 superio-
1132 715 1136 723 ι

34 776 35 782 ’
66 771 159 842 ribus
184 769 349 859 saeculis,
373 793 441 839 una
464 765 570 840 ferme
595 771 753 842 omnihus
772 757 943 841 verissima
965 785 1038 838 esse

1 903 3 910 '
63 891 279 989 philosophia
301 891 469 987 uniceque
492 891 685 988 profitenda
707 895 777 964 visa
798 905 861 964 est.
906 891 1075 970 Scimus.
1124 891 1126 897 ⁴

62 1003 202 1107 autem,
228 1026 362 1086 tantum
382 1014 549 1106 abfuisse,
574 1029 614 1086 ut
637 1017 685 1086 ita
708 1027 876 1112 perpetua
897 1015 1038 1086 exsiste-

62 1153 116 1211 ret
147 1142 236 1210 inter
267 1138 489 1235 philosophos
523 1165 611 1236 pax,
650 1153 690 1212 ut
722 1138 943 1212 contraham
964 1138 1038 1232 ipsa
1112 1141 1117 1162 ⁸

1 1255 2 1258 ¹
61 1265 165 1338 unius
188 1263 385 1360 philosophi
407 1265 590 1336 auctoritas
613 1289 745 1336 summa
766 1265 1038 1359 gravissimorum

61 1412 180 1460 caussa
208 1386 379 1458 bellorum
402 1385 515 1462 suerit.
565 1385 722 1458 Alterum
743 1410 824 1458 vero
845 1385 1039 1482 paciscendi

61 1510 228 1600 modum,
266 1501 384 1604 quiin
406 1509 688 1605 philosophorum
710 1511 807 1605 quasi
829 1509 1038 1605 desperatio-

60 1657 107 1704 ne
137 1635 270 1728 positus
292 1643 368 1721 est,
390 1632 466 1726 quis
490 1645 560 1722 est,
583 1633 668 1728 quin
684 1602 887 1728 deprecetur
908 1633 1038 1726 magis,

60 1780 167 1851 quam
189 1752 357 1850 exoptet?
401 1757 472 1828 Nea
491 1777 572 1824 sane
589 1755 750 1850 equidem
770 1754 874 1824 talem
886 1744 1039 1859 philoso-
1128 1779 1132 1790 “

60 1879 234 1976 phorum,
258 1877 396 1973 qualem
424 1877 529 1971 vulgo
546 1879 727 1969 somniant,
750 1901 869 1972 pacem
880 1889 1039 1972 expeten-

61 2001 143 2072 dam
163 2023 296 2073 censeo.
348 1999 520 2072 Placidum
543 1999 681 2094 smgunt
699 2001 946 2095 nescioquam,
969 2000 1041 2070 sive

61 2123 369 2219 tranquillitatem,
391 2123 462 2194 sive
479 2123 651 2212 inertiam,
677 2147 744 2218 qua
767 2123 896 2195 seilicet
917 2123 954 2192 in
975 2143 1040 2191 ve·

59 2227 195 2319 sissima
224 2249 444 2340 optimaque,
471 2269 559 2338 quae
589 2245 779 2338 habeatur,
803 2247 958 2320 doctrina
979 2270 1040 2318 ac-

59 2371 252 2466 quiescant.
302 2363 502 2458 Philosophi
530 2385 611 2433 vero
633 2389 703 2434 non
725 2379 799 2452 est,
825 2369 862 2434 in
882 2367 1040 2458 aliorum,

58 2490 218 2588 quamvis
230 2485 470 2558 excellentium
481 2487 644 2576 virorum,
657 2485 802 2557 decretis
814 2489 1040 2582 acquiescere,

58 2611 126 2685 sed
162 2611 336 2706 inquirere
368 2621 491 2706 sponte
521 2611 607 2698 sud,
630 2608 692 2678 sed
714 2631 816 2679 novas
839 2607 1043 2704 inquirendo

60 2739 135 2806 vias
156 2735 200 2806 ad
223 2732 464 2806 inveniendum
486 2733 638 2829 aperire,
660 2731 721 2803 sed
741 2732 947 2803 contendere
969 2755 1042 2812 cer-

62 2860 165 2930 tatim
188 2858 363 2931 cum‘aliis
387 2856 431 2926 ad
449 2879 568 2926 verum
578 2879 657 2928 cum
668 2854 955 2950 patefaciendum,
966 2870 1041 2928 tum

60 2980 330 3070 stabiliendum,
361 2991 437 3050 tum
472 3003 492 3048 a
514 2977 744 3073 sophistarum
770 2947 1041 3050 cavillationihds

61 3101 319 3174 vindicandum.
371 3101 444 3173 Hoc
470 3101 610 3171 demum
642 3100 839 3197 philosophi
862 3101 1040 3192 studium,

61 3228 132 3298 hoc
163 3249 288 3298 munus
311 3226 347 3294 in
375 3225 512 3296 civitate
541 3235 611 3295 est:
628 3247 692 3294 nec
715 3248 867 3320 unquam
888 3223 1040 3316 exstitit,
1120 3289 1122 3296 ,

61 3350 206 3444 opinor,
227 3347 351 3442 dignus
369 3338 564 3441 philosophi
583 3345 719 3417 nomine
736 3347 800 3438 vir,
812 3348 896 3442 quin
907 3369 1042 3442 semper

61 3471 134 3542 sibi
163 3493 311 3566 suaeque
331 3458 434 3542 aeta'ti
456 3469 744 3566 progrediendum
771 3493 843 3542 esse
860 3470 904 3540 ad
925 3494 1041 3542 rerum

62 3594 243 3666 scientiam
271 3616 454 3690 veramque
477 3595 678 3690 sapientiam
696 3593 915 3665 existimaret.
965 3594 1041 3684 Quo
1062 3617 1066 3628 ‘

61 3719 103 3787 in
124 3717 331 3813 optimorum
353 3703 568 3812 quorumque
590 3740 668 3790 cum
697 3717 834 3812 optimis
846 3717 1041 3812 quibusque

61 3843 252 3912 certamine
272 3839 348 3910 fieri
370 3863 438 3911 non
460 3851 586 3936 potest,
599 3841 684 3936 quin
693 3841 885 3912 exoriantur
894 3838 1041 3913 subinde

60 3965 298 4052 contentiones
328 3966 642 4059 controversiasque
671 3965 905 4058 gravissimae,
931 3985 1040 4062 quae,
