2824 5084
463 493 683 570 ...209-ὠ

73 695 268 808 cemimus,
295 717 383 788 quae
400 708 595 790 quantaque
612 699 659 768 sit
679 700 869 792 utriusque,
880 714 1056 772 ractecon·

77 821 217 908 junctae
246 815 538 912 conciliataeque,
560 822 776 913 praestantia.
828 821 879 890 De
912 833 1057 914 unoque

80 949 281 1030 argumento
305 963 442 1030 agamus
464 943 656 1034 separatim.

517 1170 608 1196 “Q-

453 1321 677 1383 rartosormas

211 1467 478 1544 Palaemona
502 1473 555 1544 ΕΤ
579 1466 915 1546 ARISTOTELICAE

311 1643 405 1690 REGTE
429 1644 674 1692 ooumuuuaoau
697 1644 807 1693 samu.

112 1799 271 1872 'Mascula
293 1813 346 1872 est
362 1802 542 1897 quaedam,
564 1815 604 1874 ut
624 1804 672 1872 ita
683 1800 807 1891 dicam,
818 1789 1055 1896 philosophiae

74 1919 296 1994 Aristoteleae
327 1923 475 2018 dignitas
498 1937 534 1996 et
556 1925 749 1997 auctoritas.
800 1923 947 2018 Subjicit
964 1922 1052 2010 sibi,
1088 1949 1092 1958 =

73 2067 177 2137 quam
185 2045 338 2140 exploret
348 2047 543 2142 diligenter,
555 2049 748 2118 nniversam
757 2069 872 2116 rerum
883 2056 1051 2115 naturam.

71 2165 140 2238 Nec
170 2191 250 2240 vero
280 2169 441 2242 idoneum
473 2171 667 2261 desiderat,
697 2194 767 2265 quo
787 2167 854 2240 sibi
873 2166 1054 2263 patefaciat

69 2291 203 2378 omnia,
221 2293 499 2380 instrumentum,
513 2291 712 2363 dialecticae
726 2290 938 2372 methodum,
964 2311 1054 2385 quae

67 2407 240 2482 cernendo
264 2409 511 2504 jungendoque
538 2411 705 2505 procedit.
755 2412 939 2480 Distribuit
969 2413 1052 2482 item

66 2535 104 2602 in
121 2530 244 2602 classes
265 2543 450 2630 suas'artes
461 2555 577 2603 omues
588 2543 623 2603 et
634 2531 817 2621 docuinas,
829 2555 918 2626 quae
929 2529 1053 2625 dignae
1182 2550 1184 2556 ·

66 2654 221 2750 sapiente
252 2665 353 2744 sunt,
386 2653 577 2749 iisdemque
598 2653 936 2726 tractandisuectam
960 2654 1050 2724 viam

66 2790 102 2847 et
122 2777 484 2872 rationem‘praecipit.
511 2775 598 2847 Turn
619 2799 699 2848 vero
719 2775 905 2848 ascendens
925 2774 969 2845 ad
986 2774 1049 2846 fas-
1114 2795 1115 2802 ¹

67 2899 189 2992 tigium
206 2923 330 2984 suum,
351 2899 396 2970 ad
413 2900 602 2996 principem
624 2899 719 2970 illam
729 2897 963 2969 doctrinarum
975 2922 1048 2970 om-

66 3022 176 3111 nium,
194 3045 284 3116 quae
301 3047 405 3118 supra
427 3034 583 3092 naturam
601 3033 665 3112 est,
677 3021 757 3092 hinc
769 3043 884 3090 rerum
895 3021 1047 3090 omnium

66 3167 214 3233 caussas,
235 3145 349 3241 ipsum
368 3145 466 3234 adeo,
488 3143 598 3240 qualis
619 3145 676 3234 sit,
698 3143 847 3214 universi
866 3154 1046 3230 rectorem,

65 3265 226 3338 mortales
242 3266 354 3338 docet.
380 3265 456 3354 Quo
468 3267 579 3337 minus
591 3265 785 3336 mirandum
795 3287 876 3336 sane
887 3276 952 3354 est,
964 3263 1047 3334 Ger·

66 3389 206 3459 manicis
239 3391 322 3462 eam'
342 3388 502 3483 gentibus
536 3387 790 3460 commendasse
806 3409 881 3458 sese
902 3387 1045 3482 potissi-

66 3533 184 3598 mum,
217 3535 303 3604 quae
331 3491 396 3583 liae
429 3511 578 3583 mascula
611 3510 683 3582 lere
711 3508 850 3580 luenmt
873 3509 1044 3608 cogitandi

67 3631 357 3727 ratiocinandique
377 3633 549 3706 facultate.
599 3634 842 3722 Veruntamen,
862 3645 902 3702 ut
923 3657 1052 3726 magna

68 3753 152 3826 hacc
171 3766 252 3826 sunt
272 3767 306 3825 ct
327 3756 516 3850 praeclara,
540 3769 664 3845 tamen,
684 3769 724 3826 ut
744 3767 899 3849 tempora
910 3778 971 3826 nos
983 3755 1045 3824 do·

67 3891 214 3949 cuerunt
247 3889 282 3947 et
309 3902 362 3948 res
390 3880 461 3974 ipsa
489 3879 664 3974 loquitur,
694 3865 762 3951 non
784 3877 960 3950 sufficiunt
980 3899 1045 3946 no-

68 3997 131 4069 bis.
170 4001 243 4070 Non
263 3999 374 4071 solum
396 4024 457 4071 nos
478 4005 635 4098 ingenio,
657 4013 697 4070 ut
719 4001 778 4072 ille
797 4001 857 4091 ait,
869 3998 1044 4070 sedetiam

854 4119 901 4193 14
