<?xml version="1.0" encoding="UTF-8"?>
<!DOCTYPE html PUBLIC "-//W3C//DTD XHTML 1.0 Transitional//EN"
    "http://www.w3.org/TR/xhtml1/DTD/xhtml1-transitional.dtd">
<html xmlns="http://www.w3.org/1999/xhtml" xml:lang="en" lang="en">
 <head>
  <title>
</title>
<meta http-equiv="Content-Type" content="text/html;charset=utf-8" />
  <meta name='ocr-system' content='tesseract 3.04.00' />
  <meta name='ocr-capabilities' content='ocr_page ocr_carea ocr_par ocr_line ocrx_word'/>
</head>
<body>
  <div class='ocr_page' id='page_1' title='image "./characterismipr00heusgoog_0204.png"; bbox 0 0 2824 5084; ppageno 0'>
   <div class='ocr_carea' id='block_1_1' title="bbox 452 455 676 530">
    <p class='ocr_par' dir='ltr' id='par_1_1' title="bbox 452 455 676 530">
     <span class='ocr_line' id='line_1_1' title="bbox 452 455 676 530; baseline 0 -1"><span class='ocrx_word' id='word_1_1' title='bbox 452 455 676 530; x_wconf 76' lang='lat'>-191-</span> 
     </span>
    </p>
   </div>
   <div class='ocr_carea' id='block_1_2' title="bbox 69 649 1049 1242">
    <p class='ocr_par' dir='ltr' id='par_1_2' title="bbox 69 649 1049 1115">
     <span class='ocr_line' id='line_1_2' title="bbox 74 649 1045 746; baseline 0.011 -24"><span class='ocrx_word' id='word_1_2' title='bbox 74 652 188 745; x_wconf 86' lang='lat' dir='ltr'><strong>sisque</strong></span> <span class='ocrx_word' id='word_1_3' title='bbox 208 649 346 746; x_wconf 74' lang='lat' dir='ltr'><strong>propria</strong></span> <span class='ocrx_word' id='word_1_4' title='bbox 373 649 503 722; x_wconf 83' lang='lat' dir='ltr'><strong>ratione</strong></span> <span class='ocrx_word' id='word_1_5' title='bbox 522 650 685 746; x_wconf 80' lang='lat' dir='ltr'><strong>perficere</strong></span> <span class='ocrx_word' id='word_1_6' title='bbox 704 663 786 724; x_wconf 83' lang='lat' dir='ltr'><strong>aunt</strong></span> <span class='ocrx_word' id='word_1_7' title='bbox 806 657 931 728; x_wconf 83' lang='lat' dir='ltr'><strong>conati.</strong></span> <span class='ocrx_word' id='word_1_8' title='bbox 980 655 1045 732; x_wconf 74' lang='lat' dir='ltr'><strong>Ve-</strong></span> 
     </span>
     <span class='ocr_line' id='line_1_3' title="bbox 73 772 1049 868; baseline 0.009 -22"><span class='ocrx_word' id='word_1_9' title='bbox 73 785 253 846; x_wconf 87' lang='lat' dir='ltr'><strong>runtamen</strong></span> <span class='ocrx_word' id='word_1_10' title='bbox 270 796 493 868; x_wconf 90' lang='lat' dir='ltr'><strong>quoscunque</strong></span> <span class='ocrx_word' id='word_1_11' title='bbox 510 772 651 846; x_wconf 85' lang='lat' dir='ltr'><strong>fecerint</strong></span> <span class='ocrx_word' id='word_1_12' title='bbox 668 775 705 846; x_wconf 93' lang='lat' dir='ltr'><strong>in</strong></span> <span class='ocrx_word' id='word_1_13' title='bbox 720 774 823 848; x_wconf 86' lang='lat' dir='ltr'><strong>rebus</strong></span> <span class='ocrx_word' id='word_1_14' title='bbox 833 777 1049 855; x_wconf 77' lang='lat' dir='ltr'><strong>nattualibns</strong></span> 
     </span>
     <span class='ocr_line' id='line_1_4' title="bbox 71 894 1045 992; baseline 0.008 -24"><span class='ocrx_word' id='word_1_15' title='bbox 71 919 286 992; x_wconf 86' lang='lat' dir='ltr'><strong>progressus,</strong></span> <span class='ocrx_word' id='word_1_16' title='bbox 306 894 368 968; x_wconf 87' lang='lat' dir='ltr'><strong>hos</strong></span> <span class='ocrx_word' id='word_1_17' title='bbox 388 896 516 992; x_wconf 85' lang='lat' dir='ltr'><strong>pariter</strong></span> <span class='ocrx_word' id='word_1_18' title='bbox 526 894 749 970; x_wconf 83' lang='lat' dir='ltr'><strong>Aristoteleae</strong></span> <span class='ocrx_word' id='word_1_19' title='bbox 765 897 961 974; x_wconf 88' lang='lat' dir='ltr'><strong>debuerunt</strong></span> <span class='ocrx_word' id='word_1_20' title='bbox 977 901 1045 976; x_wconf 84' lang='lat' dir='ltr'><strong>dis·</strong></span> 
     </span>
     <span class='ocr_line' id='line_1_5' title="bbox 69 1021 759 1115; baseline -0.001 -24"><span class='ocrx_word' id='word_1_21' title='bbox 69 1021 228 1115; x_wconf 88' lang='lat' dir='ltr'><strong>cipliuae.</strong></span> <span class='ocrx_word' id='word_1_22' title='bbox 758 1087 759 1090; x_wconf 74' lang='grc'>,</span> 
     </span>
    </p>

    <p class='ocr_par' dir='ltr' id='par_1_3' title="bbox 116 1141 1042 1242">
     <span class='ocr_line' id='line_1_6' title="bbox 116 1141 1042 1242; baseline 0.009 -30"><span class='ocrx_word' id='word_1_23' title='bbox 116 1142 247 1212; x_wconf 83' lang='lat' dir='ltr'><strong>Pariter</strong></span> <span class='ocrx_word' id='word_1_24' title='bbox 261 1141 328 1213; x_wconf 85' lang='lat' dir='ltr'><strong>orsi</strong></span> <span class='ocrx_word' id='word_1_25' title='bbox 350 1141 546 1237; x_wconf 79' lang='lat' dir='ltr'><strong>pariterque</strong></span> <span class='ocrx_word' id='word_1_26' title='bbox 566 1143 738 1237; x_wconf 79' lang='lat' dir='ltr'><strong>progressi</strong></span> <span class='ocrx_word' id='word_1_27' title='bbox 759 1155 841 1217; x_wconf 86' lang='lat' dir='ltr'><strong>sunt</strong></span> <span class='ocrx_word' id='word_1_28' title='bbox 857 1145 979 1242; x_wconf 92' lang='lat' dir='ltr'><strong>populi</strong></span> <span class='ocrx_word' id='word_1_29' title='bbox 991 1170 1042 1220; x_wconf 90' lang='lat' dir='ltr'><strong>re-</strong></span> 
     </span>
    </p>
   </div>
   <div class='ocr_carea' id='block_1_3' title="bbox 62 1262 1049 4059">
    <p class='ocr_par' dir='ltr' id='par_1_4' title="bbox 62 1262 1049 3670">
     <span class='ocr_line' id='line_1_7' title="bbox 68 1262 1049 1362; baseline 0.006 -26"><span class='ocrx_word' id='word_1_30' title='bbox 68 1265 247 1354; x_wconf 82' lang='lat' dir='ltr'><strong>centiores,</strong></span> <span class='ocrx_word' id='word_1_31' title='bbox 267 1287 473 1359; x_wconf 89' lang='lat' dir='ltr'><strong>quamquam</strong></span> <span class='ocrx_word' id='word_1_32' title='bbox 491 1262 661 1336; x_wconf 74' lang='lat' dir='ltr'><strong>hinaturh</strong></span> <span class='ocrx_word' id='word_1_33' title='bbox 673 1266 739 1360; x_wconf 91' lang='lat' dir='ltr'><strong>ipsi</strong></span> <span class='ocrx_word' id='word_1_34' title='bbox 749 1268 825 1359; x_wconf 71' lang='lat' dir='ltr'><strong>sua,</strong></span> <span class='ocrx_word' id='word_1_35' title='bbox 838 1279 878 1340; x_wconf 90' lang='lat' dir='ltr'><strong>ut</strong></span> <span class='ocrx_word' id='word_1_36' title='bbox 888 1269 1049 1362; x_wconf 64' lang='lat' dir='ltr'><strong>videtur,x</strong></span> 
     </span>
     <span class='ocr_line' id='line_1_8' title="bbox 67 1385 1039 1487; baseline 0.007 -29"><span class='ocrx_word' id='word_1_37' title='bbox 67 1387 111 1458; x_wconf 91' lang='lat' dir='ltr'><strong>ad</strong></span> <span class='ocrx_word' id='word_1_38' title='bbox 146 1385 337 1460; x_wconf 82' lang='lat' dir='ltr'><strong>Aristotelis</strong></span> <span class='ocrx_word' id='word_1_39' title='bbox 372 1387 500 1480; x_wconf 83' lang='lat' dir='ltr'><strong>magis,</strong></span> <span class='ocrx_word' id='word_1_40' title='bbox 514 1405 626 1482; x_wconf 82' lang='lat' dir='ltr'><strong>‘quam</strong></span> <span class='ocrx_word' id='word_1_41' title='bbox 650 1387 695 1459; x_wconf 87' lang='lat' dir='ltr'><strong>ad</strong></span> <span class='ocrx_word' id='word_1_42' title='bbox 717 1388 868 1462; x_wconf 82' lang='lat' dir='ltr'><strong>Platonis</strong></span> <span class='ocrx_word' id='word_1_43' title='bbox 890 1389 1039 1487; x_wconf 90' lang='lat' dir='ltr'><strong>philoso-</strong></span> 
     </span>
     <span class='ocr_line' id='line_1_9' title="bbox 67 1509 1045 1607; baseline 0.001 -25"><span class='ocrx_word' id='word_1_44' title='bbox 67 1511 185 1607; x_wconf 86' lang='lat' dir='ltr'><strong>phiam</strong></span> <span class='ocrx_word' id='word_1_45' title='bbox 207 1510 428 1582; x_wconf 84' lang='lat' dir='ltr'><strong>inclinabant.</strong></span> <span class='ocrx_word' id='word_1_46' title='bbox 468 1509 543 1600; x_wconf 89' lang='lat' dir='ltr'><strong>Quo</strong></span> <span class='ocrx_word' id='word_1_47' title='bbox 571 1509 714 1602; x_wconf 85' lang='lat' dir='ltr'><strong>accidit,</strong></span> <span class='ocrx_word' id='word_1_48' title='bbox 737 1524 777 1584; x_wconf 87' lang='lat' dir='ltr'><strong>ut</strong></span> <span class='ocrx_word' id='word_1_49' title='bbox 799 1513 899 1586; x_wconf 88' lang='lat' dir='ltr'><strong>illum</strong></span> <span class='ocrx_word' id='word_1_50' title='bbox 921 1539 982 1588; x_wconf 88' lang='lat' dir='ltr'><strong>nos</strong></span> <span class='ocrx_word' id='word_1_51' title='bbox 1003 1517 1045 1587; x_wconf 88' lang='lat' dir='ltr'><strong>in</strong></span> 
     </span>
     <span class='ocr_line' id='line_1_10' title="bbox 66 1633 1048 1734; baseline 0.005 -29"><span class='ocrx_word' id='word_1_52' title='bbox 66 1657 188 1706; x_wconf 91' lang='lat' dir='ltr'><strong>rerum.</strong></span> <span class='ocrx_word' id='word_1_53' title='bbox 212 1633 420 1706; x_wconf 77' lang='lat' dir='ltr'><strong>naturalium</strong></span> <span class='ocrx_word' id='word_1_54' title='bbox 454 1633 577 1704; x_wconf 92' lang='lat' dir='ltr'><strong>studiis</strong></span> <span class='ocrx_word' id='word_1_55' title='bbox 612 1633 713 1727; x_wconf 85' lang='lat' dir='ltr'><strong>longe</strong></span> <span class='ocrx_word' id='word_1_56' title='bbox 739 1633 909 1731; x_wconf 80' lang='lat' dir='ltr'><strong>longeque</strong></span> <span class='ocrx_word' id='word_1_57' title='bbox 936 1661 1048 1734; x_wconf 54' lang='lat' dir='ltr'><strong>supe*</strong></span> 
     </span>
     <span class='ocr_line' id='line_1_11' title="bbox 68 1754 1042 1852; baseline 0.003 -23"><span class='ocrx_word' id='word_1_58' title='bbox 68 1758 274 1831; x_wconf 82' lang='lat' dir='ltr'><strong>raveiimus:</strong></span> <span class='ocrx_word' id='word_1_59' title='bbox 310 1756 409 1846; x_wconf 89' lang='lat' dir='ltr'><strong>hunc</strong></span> <span class='ocrx_word' id='word_1_60' title='bbox 439 1757 574 1852; x_wconf 84' lang='lat' dir='ltr'><strong>assequi</strong></span> <span class='ocrx_word' id='word_1_61' title='bbox 606 1754 691 1827; x_wconf 89' lang='lat' dir='ltr'><strong>adeo</strong></span> <span class='ocrx_word' id='word_1_62' title='bbox 725 1757 763 1826; x_wconf 91' lang='lat' dir='ltr'><strong>in</strong></span> <span class='ocrx_word' id='word_1_63' title='bbox 793 1758 906 1852; x_wconf 89' lang='lat' dir='ltr'><strong>pulcri</strong></span> <span class='ocrx_word' id='word_1_64' title='bbox 936 1760 1042 1834; x_wconf 86' lang='lat' dir='ltr'><strong>boni·-</strong></span> 
     </span>
     <span class='ocr_line' id='line_1_12' title="bbox 67 1878 1046 1976; baseline 0.004 -25"><span class='ocrx_word' id='word_1_65' title='bbox 67 1903 135 1975; x_wconf 92' lang='lat' dir='ltr'><strong>que</strong></span> <span class='ocrx_word' id='word_1_66' title='bbox 165 1879 383 1976; x_wconf 73' lang='lat' dir='ltr'><strong>philosophia</strong></span> <span class='ocrx_word' id='word_1_67' title='bbox 414 1878 592 1964; x_wconf 72' lang='lat' dir='ltr'><strong>tractandi</strong></span> <span class='ocrx_word' id='word_1_68' title='bbox 626 1880 682 1952; x_wconf 83' lang='lat' dir='ltr'><strong>vix</strong></span> <span class='ocrx_word' id='word_1_69' title='bbox 708 1880 891 1976; x_wconf 80' lang='lat' dir='ltr'><strong>possimus.</strong></span> <span class='ocrx_word' id='word_1_70' title='bbox 951 1881 1046 1956; x_wconf 84' lang='lat' dir='ltr'><strong>Ante</strong></span> 
     </span>
     <span class='ocr_line' id='line_1_13' title="bbox 67 2000 1045 2096; baseline 0.004 -22"><span class='ocrx_word' id='word_1_71' title='bbox 67 2003 239 2074; x_wconf 88' lang='lat' dir='ltr'><strong>conditam</strong></span> <span class='ocrx_word' id='word_1_72' title='bbox 260 2027 280 2072; x_wconf 93' lang='lat' dir='ltr'><strong>a</strong></span> <span class='ocrx_word' id='word_1_73' title='bbox 301 2001 461 2074; x_wconf 79' lang='lat' dir='ltr'><strong>Mediceis</strong></span> <span class='ocrx_word' id='word_1_74' title='bbox 483 2001 691 2074; x_wconf 86' lang='lat' dir='ltr'><strong>Platonicam</strong></span> <span class='ocrx_word' id='word_1_75' title='bbox 702 2000 933 2096; x_wconf 83' lang='lat' dir='ltr'><strong>Academiam,</strong></span> <span class='ocrx_word' id='word_1_76' title='bbox 944 2004 1045 2078; x_wconf 67' lang='lat' dir='ltr'><strong>acho,</strong></span> 
     </span>
     <span class='ocr_line' id='line_1_14' title="bbox 66 2124 1046 2222; baseline 0.005 -25"><span class='ocrx_word' id='word_1_77' title='bbox 66 2124 224 2198; x_wconf 75' lang='lat' dir='ltr'><strong>laticum</strong></span> <span class='ocrx_word' id='word_1_78' title='bbox 245 2124 510 2222; x_wconf 88' lang='lat' dir='ltr'><strong>philosophandi</strong></span> <span class='ocrx_word' id='word_1_79' title='bbox 532 2147 639 2220; x_wconf 78' lang='lat' dir='ltr'><strong>genus</strong></span> <span class='ocrx_word' id='word_1_80' title='bbox 661 2125 1046 2220; x_wconf 82' lang='lat' dir='ltr'><strong>apudltaloscaeteroa··</strong></span> 
     </span>
     <span class='ocr_line' id='line_1_15' title="bbox 66 2248 1045 2346; baseline 0.006 -26"><span class='ocrx_word' id='word_1_81' title='bbox 66 2272 133 2343; x_wconf 88' lang='lat' dir='ltr'><strong>quc</strong></span> <span class='ocrx_word' id='word_1_82' title='bbox 151 2249 342 2343; x_wconf 83' lang='lat' dir='ltr'><strong>Europaeos</strong></span> <span class='ocrx_word' id='word_1_83' title='bbox 358 2249 506 2344; x_wconf 93' lang='lat' dir='ltr'><strong>populos</strong></span> <span class='ocrx_word' id='word_1_84' title='bbox 517 2248 712 2320; x_wconf 85' lang='lat' dir='ltr'><strong>obtinuerat</strong></span> <span class='ocrx_word' id='word_1_85' title='bbox 722 2248 794 2320; x_wconf 84' lang='lat' dir='ltr'><strong>fere</strong></span> <span class='ocrx_word' id='word_1_86' title='bbox 805 2251 917 2346; x_wconf 81' lang='lat' dir='ltr'><strong>:quod</strong></span> <span class='ocrx_word' id='word_1_87' title='bbox 928 2275 1045 2342; x_wconf 63' lang='lat' dir='ltr'><strong>emen-2¹</strong></span> 
     </span>
     <span class='ocr_line' id='line_1_16' title="bbox 64 2365 1044 2468; baseline 0.005 -26"><span class='ocrx_word' id='word_1_88' title='bbox 64 2371 187 2442; x_wconf 88' lang='lat' dir='ltr'><strong>datum</strong></span> <span class='ocrx_word' id='word_1_89' title='bbox 206 2370 251 2440; x_wconf 87' lang='lat' dir='ltr'><strong>ab</strong></span> <span class='ocrx_word' id='word_1_90' title='bbox 270 2367 442 2442; x_wconf 84' lang='lat' dir='ltr'><strong>Abelardo</strong></span> <span class='ocrx_word' id='word_1_91' title='bbox 464 2368 508 2438; x_wconf 90' lang='lat' dir='ltr'><strong>ad</strong></span> <span class='ocrx_word' id='word_1_92' title='bbox 523 2368 631 2461; x_wconf 86' lang='lat' dir='ltr'><strong>ipsius</strong></span> <span class='ocrx_word' id='word_1_93' title='bbox 641 2365 831 2442; x_wconf 76' lang='lat' dir='ltr'><strong>Aristotelia</strong></span> <span class='ocrx_word' id='word_1_94' title='bbox 844 2375 1044 2468; x_wconf 83' lang='lat' dir='ltr'><strong>exemplum</strong></span> 
     </span>
     <span class='ocr_line' id='line_1_17' title="bbox 63 2488 1040 2586; baseline 0.001 -21"><span class='ocrx_word' id='word_1_95' title='bbox 63 2505 142 2583; x_wconf 88' lang='lat' dir='ltr'><strong>est,</strong></span> <span class='ocrx_word' id='word_1_96' title='bbox 175 2503 215 2564; x_wconf 90' lang='lat' dir='ltr'><strong>ut</strong></span> <span class='ocrx_word' id='word_1_97' title='bbox 242 2489 364 2562; x_wconf 88' lang='lat' dir='ltr'><strong>melior</strong></span> <span class='ocrx_word' id='word_1_98' title='bbox 387 2488 608 2560; x_wconf 83' lang='lat' dir='ltr'><strong>induceretur</strong></span> <span class='ocrx_word' id='word_1_99' title='bbox 631 2489 822 2586; x_wconf 87' lang='lat' dir='ltr'><strong>certiorque</strong></span> <span class='ocrx_word' id='word_1_100' title='bbox 841 2490 1040 2568; x_wconf 85' lang='lat' dir='ltr'><strong>dialecticae</strong></span> 
     </span>
     <span class='ocr_line' id='line_1_18' title="bbox 63 2610 1042 2720; baseline 0 -34"><span class='ocrx_word' id='word_1_101' title='bbox 63 2616 168 2688; x_wconf 91' lang='lat' dir='ltr'><strong>ratio:</strong></span> <span class='ocrx_word' id='word_1_102' title='bbox 190 2625 426 2703; x_wconf 82' lang='lat' dir='ltr'><strong>veruntamen,</strong></span> <span class='ocrx_word' id='word_1_103' title='bbox 447 2623 487 2682; x_wconf 93' lang='lat' dir='ltr'><strong>ut</strong></span> <span class='ocrx_word' id='word_1_104' title='bbox 510 2611 658 2700; x_wconf 88' lang='lat' dir='ltr'><strong>nomine,</strong></span> <span class='ocrx_word' id='word_1_105' title='bbox 671 2611 719 2682; x_wconf 90' lang='lat' dir='ltr'><strong>ita</strong></span> <span class='ocrx_word' id='word_1_106' title='bbox 737 2635 777 2684; x_wconf 90' lang='lat' dir='ltr'><strong>re</strong></span> <span class='ocrx_word' id='word_1_107' title='bbox 799 2610 1042 2720; x_wconf 78' lang='lat' dir='ltr'><strong>scholasticum¹</strong></span> 
     </span>
     <span class='ocr_line' id='line_1_19' title="bbox 62 2732 1043 2828; baseline -0.001 -20"><span class='ocrx_word' id='word_1_108' title='bbox 62 2737 213 2828; x_wconf 87' lang='lat' dir='ltr'><strong>mansit,</strong></span> <span class='ocrx_word' id='word_1_109' title='bbox 252 2736 363 2809; x_wconf 91' lang='lat' dir='ltr'><strong>donec</strong></span> <span class='ocrx_word' id='word_1_110' title='bbox 399 2734 535 2806; x_wconf 88' lang='lat' dir='ltr'><strong>Graecis</strong></span> <span class='ocrx_word' id='word_1_111' title='bbox 568 2732 767 2828; x_wconf 73' lang='lat' dir='ltr'><strong>latinisque</strong></span> <span class='ocrx_word' id='word_1_112' title='bbox 799 2733 907 2808; x_wconf 84' lang='lat' dir='ltr'><strong>literis</strong></span> <span class='ocrx_word' id='word_1_113' title='bbox 940 2761 1043 2810; x_wconf 58' lang='lat' dir='ltr'><strong>rena-i</strong></span> 
     </span>
     <span class='ocr_line' id='line_1_20' title="bbox 63 2858 1043 2957; baseline -0.004 -21"><span class='ocrx_word' id='word_1_114' title='bbox 63 2864 130 2954; x_wconf 86' lang='lat' dir='ltr'><strong>tis,</strong></span> <span class='ocrx_word' id='word_1_115' title='bbox 154 2863 366 2957; x_wconf 85' lang='lat' dir='ltr'><strong>excitatoque</strong></span> <span class='ocrx_word' id='word_1_116' title='bbox 384 2859 554 2932; x_wconf 88' lang='lat' dir='ltr'><strong>Ciceronis</strong></span> <span class='ocrx_word' id='word_1_117' title='bbox 578 2883 618 2932; x_wconf 88' lang='lat' dir='ltr'><strong>ac</strong></span> <span class='ocrx_word' id='word_1_118' title='bbox 639 2858 788 2932; x_wconf 89' lang='lat' dir='ltr'><strong>Platonis</strong></span> <span class='ocrx_word' id='word_1_119' title='bbox 806 2860 939 2954; x_wconf 86' lang='lat' dir='ltr'><strong>ardore,</strong></span> <span class='ocrx_word' id='word_1_120' title='bbox 959 2864 1043 2934; x_wconf 85' lang='lat' dir='ltr'><strong>arti·.</strong></span> 
     </span>
     <span class='ocr_line' id='line_1_21' title="bbox 64 2973 1040 3079; baseline -0.002 -21"><span class='ocrx_word' id='word_1_121' title='bbox 64 3009 124 3058; x_wconf 86' lang='lat' dir='ltr'><strong>um</strong></span> <span class='ocrx_word' id='word_1_122' title='bbox 146 2973 392 3079; x_wconf 81' lang='lat' dir='ltr'><strong>literarumque</strong></span> <span class='ocrx_word' id='word_1_123' title='bbox 410 2981 525 3054; x_wconf 88' lang='lat' dir='ltr'><strong>studio</strong></span> <span class='ocrx_word' id='word_1_124' title='bbox 544 2980 589 3052; x_wconf 90' lang='lat' dir='ltr'><strong>ad</strong></span> <span class='ocrx_word' id='word_1_125' title='bbox 610 2983 826 3054; x_wconf 86' lang='lat' dir='ltr'><strong>verissimum</strong></span> <span class='ocrx_word' id='word_1_126' title='bbox 848 2985 958 3056; x_wconf 84' lang='lat' dir='ltr'><strong>exech</strong></span> <span class='ocrx_word' id='word_1_127' title='bbox 974 2984 1040 3056; x_wconf 92' lang='lat' dir='ltr'><strong>hu-</strong></span> 
     </span>
     <span class='ocr_line' id='line_1_22' title="bbox 65 3103 1039 3200; baseline 0 -22"><span class='ocrx_word' id='word_1_128' title='bbox 65 3107 237 3180; x_wconf 88' lang='lat' dir='ltr'><strong>manitatis</strong></span> <span class='ocrx_word' id='word_1_129' title='bbox 255 3106 406 3178; x_wconf 91' lang='lat' dir='ltr'><strong>fructum</strong></span> <span class='ocrx_word' id='word_1_130' title='bbox 427 3115 625 3200; x_wconf 85' lang='lat' dir='ltr'><strong>coeperunt.</strong></span> <span class='ocrx_word' id='word_1_131' title='bbox 653 3103 778 3176; x_wconf 86' lang='lat' dir='ltr'><strong>¹Ortae</strong></span> <span class='ocrx_word' id='word_1_132' title='bbox 793 3105 919 3197; x_wconf 70' lang='lat' dir='ltr'><strong>igitur,</strong></span> <span class='ocrx_word' id='word_1_133' title='bbox 940 3107 1039 3178; x_wconf 83' lang='lat' dir='ltr'><strong>utri·</strong></span> 
     </span>
     <span class='ocr_line' id='line_1_23' title="bbox 64 3225 1040 3322; baseline 0 -20"><span class='ocrx_word' id='word_1_134' title='bbox 64 3228 203 3321; x_wconf 84' lang='lat' dir='ltr'><strong>dimus,</strong></span> <span class='ocrx_word' id='word_1_135' title='bbox 234 3228 348 3302; x_wconf 87' lang='lat' dir='ltr'><strong>ubivis</strong></span> <span class='ocrx_word' id='word_1_136' title='bbox 369 3229 406 3298; x_wconf 90' lang='lat' dir='ltr'><strong>in</strong></span> <span class='ocrx_word' id='word_1_137' title='bbox 422 3227 518 3298; x_wconf 89' lang='lat' dir='ltr'><strong>ltalia</strong></span> <span class='ocrx_word' id='word_1_138' title='bbox 535 3225 679 3320; x_wconf 85' lang='lat' dir='ltr'><strong>aliisque</strong></span> <span class='ocrx_word' id='word_1_139' title='bbox 703 3225 858 3322; x_wconf 88' lang='lat' dir='ltr'><strong>Europae</strong></span> <span class='ocrx_word' id='word_1_140' title='bbox 880 3228 1040 3322; x_wconf 78' lang='lat' dir='ltr'><strong>petibus</strong></span> 
     </span>
     <span class='ocr_line' id='line_1_24' title="bbox 65 3349 1034 3448; baseline 0.004 -24"><span class='ocrx_word' id='word_1_141' title='bbox 65 3362 148 3424; x_wconf 88' lang='lat' dir='ltr'><strong>sunt</strong></span> <span class='ocrx_word' id='word_1_142' title='bbox 180 3349 461 3448; x_wconf 89' lang='lat' dir='ltr'><strong>philosophorum</strong></span> <span class='ocrx_word' id='word_1_143' title='bbox 490 3351 743 3446; x_wconf 91' lang='lat' dir='ltr'><strong>cultiorumque</strong></span> <span class='ocrx_word' id='word_1_144' title='bbox 773 3350 953 3426; x_wconf 90' lang='lat' dir='ltr'><strong>hominum</strong></span> <span class='ocrx_word' id='word_1_145' title='bbox 975 3376 1034 3428; x_wconf 90' lang='lat' dir='ltr'><strong>so-</strong></span> 
     </span>
     <span class='ocr_line' id='line_1_25' title="bbox 63 3471 1038 3570; baseline 0.003 -23"><span class='ocrx_word' id='word_1_146' title='bbox 63 3475 228 3570; x_wconf 89' lang='lat' dir='ltr'><strong>cietates,</strong></span> <span class='ocrx_word' id='word_1_147' title='bbox 257 3497 344 3569; x_wconf 87' lang='lat' dir='ltr'><strong>quae</strong></span> <span class='ocrx_word' id='word_1_148' title='bbox 379 3473 423 3544; x_wconf 91' lang='lat' dir='ltr'><strong>ad</strong></span> <span class='ocrx_word' id='word_1_149' title='bbox 457 3471 674 3570; x_wconf 87' lang='lat' dir='ltr'><strong>provehenda</strong></span> <span class='ocrx_word' id='word_1_150' title='bbox 696 3471 755 3548; x_wconf 89' lang='lat' dir='ltr'><strong>illa</strong></span> <span class='ocrx_word' id='word_1_151' title='bbox 777 3473 896 3550; x_wconf 85' lang='lat' dir='ltr'><strong>studia</strong></span> <span class='ocrx_word' id='word_1_152' title='bbox 918 3474 1038 3566; x_wconf 58' lang='lat' dir='ltr'><strong>velue*</strong></span> 
     </span>
     <span class='ocr_line' id='line_1_26' title="bbox 65 3594 316 3670; baseline 0.008 -6"><span class='ocrx_word' id='word_1_153' title='bbox 65 3608 145 3670; x_wconf 81' lang='lat' dir='ltr'><strong>ruut</strong></span> <span class='ocrx_word' id='word_1_154' title='bbox 163 3594 316 3670; x_wconf 76' lang='lat' dir='ltr'><strong>mirifice.</strong></span> 
     </span>
    </p>

    <p class='ocr_par' dir='ltr' id='par_1_5' title="bbox 65 3717 1038 4059">
     <span class='ocr_line' id='line_1_27' title="bbox 85 3717 1036 3814; baseline 0.002 -24"><span class='ocrx_word' id='word_1_155' title='bbox 85 3799 87 3807; x_wconf 23' lang='lat'><strong>¹</strong></span> <span class='ocrx_word' id='word_1_156' title='bbox 109 3720 245 3790; x_wconf 84' lang='lat' dir='ltr'><strong>interea</strong></span> <span class='ocrx_word' id='word_1_157' title='bbox 272 3740 353 3790; x_wconf 78' lang='lat' dir='ltr'><strong>vero</strong></span> <span class='ocrx_word' id='word_1_158' title='bbox 378 3720 540 3814; x_wconf 79' lang='lat' dir='ltr'><strong>jacebant</strong></span> <span class='ocrx_word' id='word_1_159' title='bbox 562 3720 760 3808; x_wconf 84' lang='lat' dir='ltr'><strong>doctrinae,</strong></span> <span class='ocrx_word' id='word_1_160' title='bbox 780 3717 1036 3792; x_wconf 88' lang='lat' dir='ltr'><strong>adhibebantur</strong></span> 
     </span>
     <span class='ocr_line' id='line_1_28' title="bbox 66 3840 1038 3940; baseline 0 -28"><span class='ocrx_word' id='word_1_161' title='bbox 66 3842 151 3912; x_wconf 92' lang='lat' dir='ltr'><strong>adeo</strong></span> <span class='ocrx_word' id='word_1_162' title='bbox 184 3841 228 3912; x_wconf 92' lang='lat' dir='ltr'><strong>ad</strong></span> <span class='ocrx_word' id='word_1_163' title='bbox 256 3840 413 3914; x_wconf 85' lang='lat' dir='ltr'><strong>alendam</strong></span> <span class='ocrx_word' id='word_1_164' title='bbox 435 3845 728 3938; x_wconf 85' lang='lat' dir='ltr'><strong>superstitionem:</strong></span> <span class='ocrx_word' id='word_1_165' title='bbox 750 3841 844 3936; x_wconf 90' lang='lat' dir='ltr'><strong>quod</strong></span> <span class='ocrx_word' id='word_1_166' title='bbox 866 3842 980 3940; x_wconf 85' lang='lat' dir='ltr'><strong>patuit</strong></span> <span class='ocrx_word' id='word_1_167' title='bbox 999 3843 1038 3912; x_wconf 89' lang='lat' dir='ltr'><strong>in</strong></span> 
     </span>
     <span class='ocr_line' id='line_1_29' title="bbox 65 3963 1036 4059; baseline 0.004 -27"><span class='ocrx_word' id='word_1_168' title='bbox 65 3963 276 4059; x_wconf 87' lang='lat' dir='ltr'><strong>alohymiae,</strong></span> <span class='ocrx_word' id='word_1_169' title='bbox 300 3963 521 4058; x_wconf 79' lang='lat' dir='ltr'><strong>astrologiae,</strong></span> <span class='ocrx_word' id='word_1_170' title='bbox 546 3963 1036 4058; x_wconf 79' lang='lat' dir='ltr'><strong>cahbalistieoesimiliumquo</strong></span> 
     </span>
    </p>
   </div>
   <div class='ocr_carea' id='block_1_4' title="bbox 0 0 1416 5084">
    <p class='ocr_par' dir='ltr' id='par_1_6' title="bbox 0 0 1416 5084">
     <span class='ocr_line' id='line_1_30' title="bbox 0 0 1416 5084; baseline 0 3"><span class='ocrx_word' id='word_1_171' title='bbox 0 0 1416 5084; x_wconf 95' lang='lat' dir='ltr'><strong> </strong></span> 
     </span>
    </p>
   </div>
  </div>
 </body>
</html>
