2836 5080
703 471 895 543 *16-

318 678 507 736 contemtus
537 677 646 735 tentas
680 664 796 735 landes
830 663 983 758 peperit,
1019 673 1145 756 quanto
1177 662 1284 753 magis

318 789 464 878 Socrati,
496 787 716 859 dilectissimo
748 787 986 898 plurimorum
993 785 1101 856 amico
1122 809 1161 855 ac
1190 805 1283 878 prae-

318 911 464 1004 ceptoii,
509 910 669 980 similis
660 935 696 980 m
729 922 866 982 morte
880 879 1059 978 suberinda
1094 907 1285 977 constantia

317 1055 396 1102 cum
417 1031 542 1104 Socrat
518 1043 614 1121 ticos,
631 1044 705 1102 tum
726 1053 841 1102 ornnes
863 1041 1014 1124 posteros
1035 1028 1213 1100 conciliare
1225 1015 1282 1097 (le

317 1155 413 1226 buit!
463 1149 678 1226 Accedebant
714 1155 839 1248 scripta
872 1152 1140 1248 discipulorum,
1176 1153 1284 1224 Xeno

300 1263 453 1374 ¹phontis
489 1278 632 1348 maxime
665 1287 699 1346 et
721 1276 888 1364 Platonis,
921 1275 1046 1370 quibus
1073 1274 1110 1344 hi
1132 1288 1285 1346 constan-

318 1404 399 1472 tiam
421 1401 515 1470 illam
537 1401 687 1494 magistri
710 1399 971 1471 celebraverant.
1021 1398 1082 1468 llla
1101 1399 1283 1494 respiciens

319 1525 434 1596 Cicero
467 1523 567 1596 dietis
592 1522 675 1596 haec
698 1522 896 1619 adjiciebat:
947 1523 1056 1594 Vadit
1077 1527 1118 1594 in
1139 1523 1286 1593 eundem

239 1662 243 1666 ’
320 1651 500 1719 carcerem
534 1660 637 1746 atqne
669 1655 709 1718 in
742 1649 888 1718 eandem
916 1651 1046 1742 paneis
1073 1657 1158 1741 post
1179 1650 1287 1715 annis

319 1773 491 1867 scyphum
516 1771 703 1860 Socrates,
730 1772 847 1842 eodem
869 1771 1000 1841 scelere
1012 1771 1199 1863 jndienm,
1220 1795 1287 1866 qno

321 1906 575 1990 tyrannoram,
602 1892 850 1966 Theramenes.
878 1890 975 1985 Qnae
997 1903 1051 1963 est
1070 1895 1189 1988 igitar
1211 1897 1289 1986 ejas

320 2021 448 2106 oratio,
471 2017 542 2113 qni
552 2020 654 2112 facit
674 2043 750 2086 enm
769 2014 877 2086 Plato
898 2041 1000 2086 nsnm
1022 2018 1121 2112 apud
1129 2017 1289 2111 jndices,

309 2145 397 2234 jam
430 2150 543 2210 morte
577 2137 791 2210 multatam?
847 2121 1014 2242 (iMagna
1046 2163 1117 2226 me,
1151 2143 1289 2236 inquit,

321 2287 404 2357 spes
438 2272 547 2351 tenet,
575 2263 738 2358 jndices,
773 2266 854 2332 bene
884 2264 977 2332 milei
1007 2265 1169 2342 evenire,
1200 2263 1293 2357 qnod

321 2387 449 2455 mittar
481 2386 531 2452 ad
561 2393 708 2456 mortem
739 2425 784 2442 ·-
817 2411 880 2456 nee
902 2389 996 2455 enim
1024 2389 1186 2481 cuiqnam
1208 2386 1292 2454 bono

263 2559 265 2562 -
321 2507 411 2578 mali
445 2508 634 2604 quidquam
675 2511 817 2578 evenire
846 2518 981 2602 potest,
1018 2533 1080 2576 nee
1117 2511 1199 2584 vino
1229 2531 1294 2576 nee

321 2640 475 2711 mortno,
503 2656 566 2699 nee
587 2655 741 2725 anquam
771 2635 849 2724 ejas
869 2655 930 2700 res
945 2654 974 2697 ‘a
1004 2631 1078 2700 diis
1106 2634 1293 2700 immorta-

322 2754 415 2824 libns
446 2753 692 2846 negligenter,
730 2775 793 2820 nee
828 2753 921 2822 milti
954 2757 1032 2847 episi
1064 2753 1127 2823 too
1159 2752 1296 2822 accidit

310 2877 380 2970 scr
383 2876 469 2945 tnito
477 2925 492 2960 ,
528 2897 591 2942 nee
624 2897 710 2944 nero
730 2899 793 2969 ego
819 2876 890 2958 iis,
921 2877 1091 2970 aqnibns
1108 2882 1294 2944 accusatas

322 3021 398 3074 snm
419 3007 483 3067 ant
500 3022 523 3064 a
543 2999 667 3091 qnibns
686 2997 934 3068 condemnatas
940 3047 955 3081 ,
980 2999 1097 3066 labeo
1111 2997 1203 3093 qnod
1220 3021 1294 3066 snc-

316 3147 491 3210 censeam,
513 3125 586 3192 nisi
581 3122 698 3217 qnod
711 3121 804 3190 milii
825 3146 949 3194 nocere
969 3147 1006 3190 se
1023 3122 1291 3191 crediderant?

323 3241 377 3314 Et
401 3245 486 3314 naec
508 3244 646 3339 quidem
671 3243 1003 3323 tennemonn
1027 3253 1144 3314 antem
1166 3243 1294 3313 melius

321 3377 489 3438 entremo.
543 3365 644 3434 «Sea
673 3375 808 3462 tempas
841 3377 910 3456 est,
943 3369 1081 3462 inquit,
1098 3372 1184 3462 jam
1209 3366 1293 3434 ltine

321 3492 422 3560 abire
455 3514 581 3578 me,n
559 3491 790 3560 atmoriar:
822 3513 899 3568 vos,
932 3499 973 3559 nt
1004 3493 1060 3560 cit
1059 3512 1117 3556 am
1146 3491 1293 3583 agatis:

320 3621 443 3681 ntrnm
456 3620 572 3681 antem
597 3613 647 3680 sit
668 3610 813 3699 melias,
841 3611 897 3680 dii
919 3611 1141 3682 immortales
1161 3612 1292 3698 seirent,

323 3733 494 3802 hominem
516 3733 655 3828 quidem
678 3735 772 3802 seire
793 3734 958 3802 arbitror
979 3728 1210 3824 neminem(*

355 3996 541 4065 wmta.

1403 3831 1416 4391 t
