2828 5098
701 437 920 556 405...

325 685 529 757 Democriti
548 686 765 767 locutionem,
787 688 858 756 etsi
878 687 974 754 obsit
992 708 1016 752 u
1037 709 1160 772 uersu,
1181 693 1301 754 tumen

324 810 416 905 quod
435 811 623 879 incitatius
629 812 787 905 feretur
809 819 845 880 et
864 809 1084 879 clarissimis
1104 808 1299 878 uerborum

325 935 518 1002 luminibus
538 942 674 1014 ututur,
692 936 818 1028 polius
827 939 960 1028 pulmo
976 932 1299 1028 putandumquum

324 1059 537 1126 comicorum
551 1063 765 1150 poilurum:
780 1057 880 1152 opud
895 1081 991 1152 quos,
1010 1059 1085 1126 uisi
1104 1055 1198 1152 quod
1215 1079 1300 1124 oer-

323 1181 433 1251 siculi
450 1190 548 1261 suut,
572 1181 670 1250 nibil
689 1191 743 1250 est
763 1181 869 1251 uliud
892 1181 1094 1276 quotidiani
1120 1179 1299 1248 dissimile

323 1307 498 1374 sermonis
518 1301 580 1399 (*).
628 1301 698 1372 'Sed
726 1314 761 1372 et
787 1302 905 1374 Cicero
930 1314 965 1372 et
994 1302 1052 1372 alii
1075 1300 1175 1371 multi
1200 1312 1300 1372 tanto

323 1427 420 1499 ducti
450 1427 599 1498 Platonis
633 1449 746 1498 amore
775 1438 873 1517 sunt,
906 1439 946 1498 nt
968 1428 1023 1496 vix
1047 1423 1239 1521 quidquam
1263 1427 1299 1495 in

325 1575 366 1622 eo
397 1550 718 1646 reprehendendum
750 1563 924 1646 putarent.
974 1551 1095 1622 Dictus
1116 1549 1175 1620 ille
1199 1574 1219 1619 a
1241 1549 1299 1619 Ci-

325 1695 446 1746 cerone
467 1686 626 1746 estruem
648 1676 879 1771 intelligendi
900 1675 1013 1746 solum
1034 1675 1099 1744 sed
1119 1679 1230 1744 etium
1243 1675 1300 1744 di·

326 1799 430 1868 ceudi
454 1802 702 1894 grauissimus
731 1808 859 1870 auctor
893 1807 928 1868 et
958 1802 1156 1894 magister:
1196 1799 1301 1894 longe

326 1925 480 1993 orouium
499 1925 540 1992 iu
569 1921 716 1992 diceudo
733 1923 979 2016 grauissimus
999 1931 1035 1992 et
1056 1921 1300 2016 eloquentissi-

325 2071 423 2115 mus:
457 2047 526 2116 imo
557 2067 637 2114 veru
653 2045 958 2139 pbilosophorum
976 2043 1076 2114 Deus
1098 2041 1172 2140 (†).
1223 2043 1299 2112 Pla-

325 2182 442 2238 tonem
474 2168 608 2256 Cicero,
641 2179 681 2237 ut
712 2168 786 2260 ipse
820 2166 965 2257 fatetur,
999 2180 1035 2237 et
1067 2165 1301 2238 admirabatur

326 2313 434 2360 unum
464 2289 616 2362 omnium
639 2289 803 2378 maxime,
828 2301 863 2358 et
883 2288 1041 2360 omnibus
1069 2289 1300 2384 anteponebat

327 2424 361 2482 et
381 2410 546 2505 diligebat
570 2407 632 2508 (b).
683 2410 786 2482 Nobis
814 2424 931 2483 autem
953 2435 1022 2484 non
1044 2413 1157 2483 minus
1180 2413 1300 2483 oratic

328 2537 379 2606 nis
399 2559 505 2630 quarn
526 2535 763 2632 philosophiae
781 2535 973 2607 Platonicae
994 2535 1224 2607 characterem
1247 2557 1301 2604 ex-
1405 2585 1406 2592 a

325 2660 472 2754 primere
504 2659 725 2748 conantibus,
759 2657 825 2729 hoe
860 2657 1051 2728 cavendum
1085 2657 1300 2752 potissimum

326 2793 396 2870 est,
417 2803 461 2850 ne
483 2803 601 2852 coecos
627 2804 689 2850 nos
708 2779 829 2848 reddat
851 2780 895 2849 ad
912 2779 1140 2874 judicandum
1150 2777 1302 2850 Platonis

327 2926 431 2973 amor.
481 2899 611 2971 Audire
645 2913 778 2996 oportet
809 2903 845 2970 in
866 2902 1007 2972 alteram
1029 2905 1132 2974 etiam
1154 2914 1301 2998 partem.

326 3026 411 3097 Nam
439 3027 476 3094 in
501 3025 582 3120 ipsis
605 3023 784 3096 Veteribus
807 3023 959 3116 fuerunt,
983 3028 1044 3122 qui
1066 3026 1176 3097 multa
1199 3024 1301 3098 habe·
1403 3105 1404 3112 ἵ

326 3160 422 3238 rent,
451 3170 539 3242 quae
562 3148 598 3216 in
617 3146 766 3216 Platonis
787 3150 937 3220 oratione
958 3162 1158 3244 carperent3
1194 3151 1232 3220 in
1250 3149 1302 3220 his
1403 3135 1404 3150 ¹

328 3272 482 3342 omnium
513 3271 695 3365 praecipue
717 3269 896 3367 Dionysius
919 3272 1243 3362 Halicarnassensis‚
1267 3295 1301 3341 a·
1402 3367 1403 3370 Ἴ

328 3393 462 3464 cerrimi
480 3392 603 3487 judicii
627 3393 783 3488 scriptor.
819 3394 999 3491 Comparat
1016 3397 1044 3468 is
1062 3419 1142 3494 cum
1160 3395 1302 3467 Platone
1402 3383 1403 3424 ³

209 3531 211 3536 '
330 3514 607 3586 Demosthenem.
669 3517 765 3588 Duae
798 3519 888 3588 enim
921 3530 1054 3589 exstant
1083 3520 1120 3588 in
1152 3518 1301 3590 Platonis

328 3640 463 3733 scriptis
486 3639 671 3729 orationes,
699 3642 865 3711 Socratis
893 3637 1071 3738 Apologia
1093 3652 1128 3711 et
1150 3639 1303 3712 funebris

326 3826 370 3835 ι--ο

361 3934 397 4002 (a)
418 3939 488 3987 om·
504 3939 548 3986 ²⁰·
597 3936 635 4003 l†)
652 3939 701 3988 Gle-
722 3938 792 3988 Orat.
812 3957 833 3988 c.
849 3940 875 3988 8.
895 3939 924 3986 de
944 3939 1015 3986 Oret.
1034 3939 1056 3987 1.
1075 3941 1116 3986 11.
1136 3948 1159 3986 et
1171 3939 1269 4002 panim.

363 4025 398 4095 (ᾗ)
417 4030 466 4079 cic.
486 4029 514 4078 tle
530 4029 618 4095 largii.
637 4031 657 4080 1.
676 4031 700 4078 e.
