2824 5084
752 457 968 533 -17o-

380 665 561 760 quominus
594 662 699 732 vitum
731 661 833 755 plene
860 657 1013 747 homini,
1035 679 1124 753 quae
1142 658 1214 728 sole
1237 657 1342 728 vitalis
1396 722 1400 781 Ι

284 861 289 874 ,
379 800 445 877 est,
466 785 643 874 adimeret,
664 782 779 859 studio
789 781 910 854 debuit
919 779 1272 875 metaphysiccesune,
1280 804 1342 876 quo
1399 841 1400 870 ,

353 933 416 981 ·se
449 933 564 1005 supro
590 918 760 979 contram
788 903 931 976 evehere
950 903 1159 994 conabatur,
1180 915 1216 974 et
1239 904 1339 974 Deum

380 1029 581 1128 agnoscebat
603 1051 718 1101 rerum
737 1029 890 1100 omnium
912 1049 1063 1098 caussam
1074 1048 1340 1121 suprememrre
1399 1089 1400 1112 ,

380 1171 582 1247 runtsmen,
614 1153 784 1250 quidquid
814 1161 940 1224 mente·
961 1150 1117 1245 concepit
1148 1151 1340 1246 ingenioque
1396 1139 1400 1256 l

380 1282 502 1372 linxit,
519 1277 689 1376 quidquid
705 1273 908 1374 persuadere
925 1273 992 1346 sibi
1014 1274 1158 1369 aliisque
1174 1297 1339 1368 argumen-
1399 1269 1400 1272 ’

380 1403 491 1476 undo,
511 1400 667 1492 studuit,
689 1423 804 1496 supra
827 1408 1002 1470 naturum
1020 1397 1185 1492 quaesivit
1202 1396 1339 1485 frustra,

380 1525 474 1621 quod
494 1525 645 1596 invenire
668 1524 704 1592 in
727 1532 835 1594 semet
856 1526 936 1618 ipso
956 1521 1057 1606 unice
1078 1531 1225 1615 poteret.
1262 1521 1339 1608 Qus-

379 1659 522 1745 propter
541 1647 606 1716 viri
623 1643 861 1740 philosophia,
883 1642 1132 1739 qualiscunque
1152 1642 1291 1716 tandem
1311 1653 1339 1712 ct
1398 1693 1399 1698 ,

381 1771 535 1868 quumvis
552 1767 723 1859 sublimis,
743 1779 858 1838 tamen
876 1765 921 1836 nd
931 1763 1148 1838 excitandum
1158 1767 1194 1836 in
1203 1765 1340 1856 homine,
1398 1817 1399 1840 i

383 1895 477 1992 quod
494 1913 669 1987 magnum,
692 1889 786 1986 quod
812 1889 992 1978 excellens,
1012 1886 1106 1982 quod
1122 1887 1273 1960 divinum
1282 1902 1342 1977 est,
1398 1867 1399 1872 ἵ

288 2023 291 2029 “
381 2019 621 2112 hominemque
655 2013 700 2084 ad
731 2013 794 2082 Dei
826 2011 1086 2084 similitudinem
1111 2013 1246 2104 evehit,
1266 2037 1342 2084 nun·
1397 2095 1398 2100 η

347 2114 351 2124 ¹
381 2162 486 2234 quam
504 2136 622 2208 veluit.
1397 2169 1399 2232 q

428 2261 526 2332 Dicta
553 2257 733 2338 haee'non
753 2257 790 2326 in
808 2253 1044 2347 Aristotelem,
1064 2255 1125 2327 sed
1152 2258 1190 2327 in
1206 2241 1343 2352 plrilose

380 2381 522 2480 phcndi,
545 2403 648 2478 quam
670 2379 817 2469 induxit,
840 2379 1007 2450 rationem
1025 2391 1140 2452 sunto.
1189 2379 1345 2454 Numluit

380 2509 451 2600 ille,
469 2528 708 2603 quamcunque
729 2502 869 2597 tandem
883 2502 928 2574 ad
939 2480 1343 2599 philosophandumriam
1397 2485 1398 2558 l

381 2635 550 2726 ingressus
575 2641 649 2717 cst,
672 2626 739 2697 fuit
761 2625 910 2696 Platonis
931 2625 1134 2722 discipulus.
1182 2627 1347 2698 Atenero

381 2753 461 2824 inde
493 2761 603 2840 aetate
632 2750 786 2820 imbutus
813 2748 970 2821 adivino
987 2748 1188 2847 philosopho
1210 2752 1347 2846 optimis

380 2873 575 2969 quibusque
597 2883 650 2944 est
672 2870 836 2944 derebus
859 2871 984 2943 divinis
1000 2873 1347 2970 atquehumanisplr-
1394 2915 1398 2979 ἑ

380 2998 468 3069 citis.
516 2994 656 3066 Exstant
678 2993 762 3066 haec
788 2993 875 3066 adeo
894 2978 1020 3090 placitu
1040 3020 1198 3091 magnum
1219 3012 1345 3093 partu

381 3123 417 3192 in
438 3120 573 3215 scriptis
596 3122 683 3212 ejus,
704 3127 739 3188 ct
759 3139 839 3188 vero
860 3119 910 3190 sic
930 3131 1076 3210 exstent,
1096 3131 1137 3191 ut
1159 3121 1345 3216 legentibus
1397 3119 1398 3128 ἶ

381 3243 480 3315 nobis
503 3241 562 3312 illa
588 3252 707 3312 auctor
727 3240 874 3312 subinde
895 3225 1085 3316 socraticus
1106 3244 1210 3339 plene
1233 3257 1345 3318 esseet

380 3364 572 3437 Platonicus
603 3347 827 3457 philosophus
861 3362 1028 3434 videatur.
1063 3363 1254 3440 ‘Credibile
1273 3371 1345 3439 item

381 3501 446 3580 est,
465 3489 494 3559 si
514 3484 656 3581 dialogis
674 3473 869 3582 philosophi
880 3497 915 3558 et
926 3488 1078 3560 oratoriis
1089 3490 1257 3585 operibus
1268 3504 1348 3563 tem·
1399 3521 1402 3644 p

381 3633 448 3706 pus
470 3609 696 3704 pepercisset,
713 3609 840 3705 puriter
863 3631 924 3680 nos
946 3608 991 3680 de
1010 3611 1085 3707 ipso
1099 3607 1287 3685 Aristotele
1295 3618 1350 3708 ju·
1401 3665 1402 3680 2

381 3729 551 3803 dicaturus
573 3730 690 3820 luisse,
710 3755 749 3804 ac
772 3730 889 3803 Cicero
907 3733 1162 3826 pronunciavit,
1188 3735 1252 3806 ubi
1272 3735 1353 3806 diui-

381 3877 461 3926 num
491 3857 565 3949 ejus
589 3853 639 3925 ad
664 3851 976 3950 philosophandum
997 3854 1148 3928 indolem
1166 3857 1352 3952 praedicet.

384 3974 506 4070 quodsi
528 3976 651 4066 vinum,
672 3987 713 4046 ut
728 3975 891 4066 fecimus,
911 3977 1041 4072 inipso
1064 3976 1352 4075 philosophhndi,
