2828 5098
491 531 710 598 -151—

113 725 147 792 in
173 725 242 794 illis
270 726 467 820 philosophi
490 724 651 820 operibus
673 725 853 813 censendi,
870 747 956 818 qnae
979 726 1083 820 vulgo

110 842 179 916 dici
197 847 364 918 exoterica
382 845 504 936 solent,
527 847 693 941 nobisque
714 844 1034 943 eheutperierunt(
1056 845 1081 943 ).

108 967 243 1058 Postea,
266 981 305 1039 ut
326 969 440 1040 dicere
460 972 682 1060 instituimus,
706 968 919 1040 dialecticam
941 968 1085 1050 maxime

108 1093 262 1185 magistri
285 1095 449 1165 rationem
469 1107 618 1168 sectatus
641 1107 705 1165 est.
731 1093 854 1182 Quoia
866 1113 1085 1187 generequac
1184 1135 1186 1142 >

106 1213 152 1284 ab
175 1237 215 1285 eo
233 1216 360 1310 scripta
378 1229 472 1306 sunt,
499 1241 577 1289 cum
601 1207 677 1287 lcrc¹
693 1213 764 1286 sola
783 1214 882 1286 nobis
901 1214 1086 1310 supersint,
1190 1285 1196 1293 ,

107 1335 205 1430 aegre
225 1359 293 1408 nos·
305 1338 461 1433 judicare
471 1338 516 1409 de
525 1337 720 1410 Aristotelis
732 1329 883 1410 oratione
892 1359 1083 1432 possumus.

107 1459 191 1530 Nam
211 1460 248 1528 in
268 1458 322 1530 his
344 1459 450 1532 dictio
461 1471 514 1531 cst
531 1460 682 1550 subtilis,
701 1483 781 1530 sana
791 1471 826 1530 et
840 1470 1005 1538 accurata,
1018 1481 1086 1530 non

108 1605 188 1652 vcro
221 1581 379 1676 elegans,
414 1583 622 1678 minimeque
642 1583 812 1655 Ciceronis
832 1581 901 1653 illis
923 1580 1084 1652 laudibus

107 1703 336 1800 respondens:
366 1707 487 1778 similis
517 1701 655 1778 omnino
676 1706 826 1776 Platonis
847 1705 1001 1794 dictioni,
1024 1703 1086 1776 ubi

108 1828 136 1899 is
159 1829 288 1922 pariter
306 1829 341 1898 in
366 1830 553 1923 Sophiste,
575 1830 612 1898 in
635 1827 793 1898 Politice
813 1825 955 1920 aliisque
967 1828 1004 1896 in
1012 1826 1085 1896 dia·

108 1950 235 2021 lecticis
252 1948 395 2044 dialogis
417 1947 617 2022 dialecticae
639 1948 745 2019 tradit
762 1950 869 2019 viam:
890 1961 1085 2035 caeterum,

107 2073 135 2142 si
166 2095 235 2167 qua
265 2070 348 2163 alia,
380 2096 399 2142 a
430 2072 580 2143 Platonis
611 2072 899 2165 suavitatemque
917 2069 1087 2162 'elegantia

107 2196 303 2268 abhorrens.
354 2195 430 2286 Quo
447 2196 501 2288 srt,
530 2208 569 2267 ut
590 2217 652 2266 nos
674 2193 757 2284 lere,
779 2193 840 2264 uhi
857 2193 953 2264 lectis
974 2193 1088 2264 Plato-

106 2319 158 2390 nis
193 2321 304 2389 mimis
328 2343 367 2390 ac
385 2319 618 2407 dramatibus,
638 2341 726 2412 quae
745 2317 826 2388 ficta
846 2317 890 2388 ab
910 2317 992 2412 ipsis
1009 2315 1087 2386 Mu·

106 2441 154 2510 sis
176 2441 370 2533 Gratiisque
392 2439 575 2526 ridentur,
598 2440 635 2506 in
661 2438 746 2508 haec
768 2439 972 2528 incidimus,
998 2463 1086 2534 quae

107 2573 238 2632 restant
272 2560 361 2650 sola,
398 2558 591 2632 Aristotelis
623 2559 768 2654 scripta,
805 2560 862 2628 vix
889 2560 986 2630 nobis
1009 2585 1088 2655 per·

109 2683 330 2774 suadeamus,
355 2682 565 2778 discipulum
587 2705 648 2753 nos
671 2682 784 2775 legere
804 2681 910 2752 divini
927 2681 1086 2754 Platonis.

110 2806 225 2878 Esstat
259 2807 295 2874 in
329 2807 370 2876 iis
405 2805 509 2896 adeo,
535 2806 633 2875 utin
656 2805 864 2892 Stoicorum,
888 2805 1087 2899 qui-postea

111 2928 338 3020 scripserunt,
374 2927 490 3018 libris,
517 2951 680 2997 novarum
703 2950 825 2998 vocum
847 2925 1086 3020 fingendarum

112 3049 284 3139 studium,
311 3075 380 3145 quo
403 3049 453 3119 nil
477 3061 529 3120 est
552 3049 1087 3144 literis-humanioribusipsique

112 3173 348 3270 philosophiae
371 3175 612 3270 perniciosius,
635 3171 805 3268 siquidem
828 3195 924 3242 voces
936 3170 1015 3240 illae
1032 3169 1087 3240 di·

113 3297 280 3392 cendique
304 3297 431 3370 formae
453 3323 523 3370 non
546 3296 718 3367 ducantur
739 3319 759 3366 c
783 3295 910 3388 linguis
933 3306 968 3364 et
990 3296 1087 3388 quasi

113 3413 293 3491 eliciantur
325 3433 428 3516 atquc
457 3429 704 3516 provocentur,
741 3416 802 3487 scd
835 3417 876 3487 iis
902 3416 1028 3487 durum
1051 3417 1087 3486 in

114 3541 255 3614 modum
284 3543 546 3615 obtrudantur.¹
577 3538 811 3612 Aristotelicac
842 3551 958 3610 autem
988 3539 1086 3612 inno-

114 3664 266 3736 vationes
295 3668 447 3763 itcmquc
470 3669 601 3739 Stoicae
623 3662 667 3734 ab
689 3663 763 3757 ipsa
785 3661 921 3754 linguae
942 3660 1088 3734 Graecae

149 3969 184 4036 (*)
202 3973 235 4022 lle
252 3972 290 4023 his
307 3972 358 4023 rid.
376 3973 423 4024 cte.
436 3975 469 4023 od
482 3971 566 4038 sumit.
584 3970 605 4020 l.
623 3971 648 4020 ⁰.
667 3971 709 4020 2³.
745 3972 783 4020 Da
802 3970 887 4019 Ftno.
904 3967 935 4017 V.
952 3967 969 4013 ὖ
986 3965 1085 4014 Adara.

116 4064 156 4114 lV.
176 4067 217 4115 ld.
290 4079 297 4088 '
