2828 5098
704 491 920 572 ..-124.„

335 696 523 797 Symposio
537 717 617 769 vero
627 698 875 792 accuratissime
884 695 1076 790 descripsit,
1088 704 1127 764 ut
1146 709 1306 782 mosam,
1390 667 1394 704 ⁴

312 843 436 932 ..quam
479 833 593 891 mente
631 820 831 916 spectabat,
871 819 1051 889 coelestem
1081 816 1301 910 exprimeret.
1393 901 1394 930 1

334 946 561 1043 Polymuiam,
595 944 660 1034 ait,
683 944 803 1014 musici
827 934 933 1012 nostri
957 951 992 1009 et
1016 943 1137 1034 poetae
1161 937 1303 1025 colunt,
1393 967 1394 977 ¹

336 1067 474 1139 auribus
491 1066 629 1137 nostris
660 1087 699 1137 ae
731 1055 886 1136 sensibus
912 1061 1159 1156 gratificantes,
1185 1062 1225 1130 nt
1247 1084 1302 1131 so·
1391 1115 1395 1174 Ὗ,

337 1215 459 1264 normn
490 1189 683 1280 harmonia,
717 1187 909 1260 fabularum
941 1187 1106 1258 suavitate
1127 1209 1167 1256 ac
1189 1185 1303 1254 varie·
1394 1177 1395 1218 ³

338 1327 408 1386 tate
443 1313 655 1384 diieetemur.
704 1311 796 1382 Vana
824 1309 908 1382 haec
939 1309 1050 1380 omnia
1071 1333 1111 1379 ae
1128 1307 1303 1402 juventuti

339 1437 423 1509 adeo
446 1437 563 1526 noxia,
587 1459 695 1530 quum
719 1456 808 1524 non,
833 1431 918 1528 quid
941 1431 1100 1527 pulcrum
1123 1451 1244 1525 reapse
1262 1429 1304 1498 sit
1393 1516 1394 1531 ἶ

339 1571 375 1630 et
398 1561 547 1649 bonum,
582 1558 643 1629 sed
666 1557 751 1654 quid
774 1557 927 1653 placeat,
952 1564 1144 1650 quaeratur.
1194 1549 1304 1622 Aliam

340 1705 400 1753 nos
435 1683 617 1772 musicam,
659 1682 758 1752 aliam
793 1681 913 1776 poesin
945 1679 1155 1773 expetimus,
1189 1675 1305 1765 illam,
1392 1695 1394 1754 1

340 1826 428 1900 quae
451 1803 520 1873 vim
544 1805 579 1873 in
603 1804 752 1874 animmn
774 1814 929 1874 nostrum
951 1800 1087 1889 haheat,
1106 1811 1146 1870 ut
1168 1787 1306 1894 quicun-

339 1949 408 2023 que
440 1926 538 2018 nobis
563 1927 679 1997 insunt
703 1927 875 2021 appetitus
902 1923 1110 2019 affectusque
1136 1921 1306 2017 perversi,

339 2050 550 2142 corrigantur
572 2061 651 2144 apte
673 2061 708 2118 et
729 2055 974 2143 temperentur,
999 2047 1130 2133 animus
1152 2045 1238 2116 adeo
1259 2047 1306 2140 ip-

340 2195 376 2242 se
396 2172 440 2241 ad
463 2173 667 2250 verissimam
689 2171 898 2242 harmoniam
921 2183 1155 2267 componatur,
1180 2171 1306 2241 111111-
1393 2177 1394 2182 ’

240 2389 243 2397 Ι
340 2273 424 2363 tutis
459 2292 642 2388 flagremus
676 2316 800 2366 amore.
850 2293 945 2364 Musa
968 2293 1109 2365 colenda
1136 2293 1235 2363 nobis
1258 2301 1307 2362 est

341 2412 499 2506 Urania,
525 2415 645 2486 Veneri
670 2416 833 2508 Uraniae,
859 2416 1064 2511 coelestique
1087 2417 1214 2505 amori,
1249 2413 1305 2509 qui

339 2539 426 2610 inest
459 2539 581 2628 nobis,
612 2551 844 2610 consentanea.
896 2539 991 2610 Hane
1013 2549 1052 2608 ut
1076 2561 1189 2608 amare
1209 2537 1307 2631 pueri

340 2661 433 2756 apud
464 2685 525 2734 nos
560 2664 752 2756 coeperint,
784 2640 830 2731 ita
864 2662 930 2756 ipsi
961 2661 1025 2733 hae
1046 2673 1155 2732 aetate
1176 2660 1307 2754 optima

340 2785 469 2854 ratione
503 2794 537 2852 et
561 2784 725 2854 musicam
749 2793 784 2852 et
808 2783 928 2876 poesin
952 2795 987 2853 et
1013 2796 1104 2854 artes
1124 2805 1239 2854 omnes
1263 2781 1307 2850 li-

341 2905 523 2976 beraliores
548 2904 761 2990 tractabunt,
786 2915 821 2974 et
844 2927 924 2976 vero
946 2904 1056 2976 adulti
1077 2905 1159 2976 alios
1179 2916 1307 2975 totam-

338 3049 408 3122 que
440 3024 525 3097 adeo
550 3027 721 3096 civitatem
740 3027 915 3120 justitiae,
946 3029 1212 3122 temperantiae,
1244 3027 1309 3096 vir-

341 3161 456 3219 tutum
477 3149 629 3220 omnium
657 3171 770 3218 amore
793 3149 967 3220 imbuent:
992 3173 1061 3244 quo
1083 3150 1133 3219 nil
1159 3147 1308 3221 accidere

339 3271 535 3342 civitatibus
560 3269 681 3341 melius
707 3274 965 3368 exoptatiusque
987 3283 1112 3367 potest.
1138 3271 1210 3343 Vox
1230 3271 1308 3342 haec

339 3417 420 3463 sane
445 3393 640 3489 philosophi
662 3405 735 3484 est,
769 3397 829 3490 qui
852 3397 1039 3466 instaurare
1061 3409 1149 3466 artes
1173 3395 1307 3483 studet,

341 3527 380 3585 nt
403 3539 521 3611 reapse
543 3517 703 3588 eoeolere
727 3514 880 3588 homines
906 3518 1048 3612 possint.
1098 3517 1166 3588 Sed
1188 3517 1308 3588 audia—
1397 3547 1398 3550 ¹

340 3661 415 3708 mus
451 3637 597 3708 eundem
627 3620 821 3728 Platonem,
844 3638 905 3710 uhi
928 3637 972 3709 de
996 3639 1163 3710 rhetorica
1191 3639 1309 3710 aetatis

340 3783 421 3831 snae
441 3761 522 3854 agit.
560 3761 661 3832 Fiunt
685 3759 778 3857 apud
802 3785 863 3832 nos
889 3759 1006 3860 τριβῇ,
1030 3762 1090 3851 ait,
1109 3763 1309 3859 monosemi,

340 3895 487 3955 oratores
511 3896 545 3954 et
567 3884 763 3978 scriptores:
788 3883 999 3956 dialecticam
1021 3884 1223 3980 negligunt,
1246 3905 1311 3979 qua

212 4003 214 4008 ’
343 4009 444 4078 unice
463 4008 539 4102 quis
563 4006 607 4076 ad
630 4007 807 4077 veritatem
831 4033 910 4078 cum
931 3993 1005 4103 ipse
1025 4007 1216 4102 pervenire,
1240 4019 1311 4077 tum
