2836 5080
747 473 934 546 ...52..

357 677 442 746 lenis
479 695 553 745 esse
586 673 732 744 similem
766 673 937 746 Socratem
967 669 1064 747 dixit,
1114 669 1332 763 intelligebat

356 798 478 870 formas
522 797 680 888 illorum,
717 797 832 892 prouti
868 797 904 864 in
938 793 1151 890 sculptorum
1186 791 1330 865 officinis

354 921 551 1011 exstabant,
587 919 838 1016 pretiosissimis
860 918 963 988 rebus
992 915 1201 988 asservandis
1222 915 1330 987 desti-

355 1055 471 1133 natas,
502 1066 612 1138 quae,
647 1045 740 1113 intus
773 1062 893 1130 cavae,
929 1040 1089 1112 Deorum
1116 1041 1331 1111 continerent

253 1249 257 1258 .
354 1171 544 1263 imagines.
595 1167 649 1237 Sic
673 1187 796 1260 nempe
820 1187 857 1235 se
880 1187 934 1234 res
954 1163 1070 1242 habet,
1111 1163 1166 1234 Nil
1189 1187 1329 1256 meguo-

354 1315 436 1387 pere
471 1293 624 1362 Socrates
657 1289 826 1378 habebat,
869 1311 938 1382 quo
973 1309 1011 1364 se
1047 1289 1185 1358 externa
1216 1289 1329 1383 specie

353 1412 625 1502 commendaret,
651 1436 714 1483 uec
738 1411 899 1500 formam,
925 1433 989 1482 nec
1012 1411 1254 1505 eloquentiam,
1267 1433 1328 1484 nec

355 1537 555 1624 facultates,
581 1536 708 1630 quibus
731 1548 865 1629 regeret
889 1535 1057 1630 populos,
1083 1557 1147 1605 nec
1168 1545 1327 1618 caeteras,

354 1660 482 1755 quibus
518 1659 698 1730 elucebant
734 1659 812 1749 alii,
838 1659 908 1728 sive
931 1657 1080 1752 eorporis
1111 1657 1181 1728 sive
1205 1657 1329 1750 ingenii

354 1782 473 1869 dctcs3
495 1781 556 1852 sed
579 1784 694 1872 intus,
719 1783 833 1872 intus,
857 1782 1018 1876 iuquam,
1042 1805 1171 1850 aarum
1191 1779 1329 1868 aderat,

354 1903 448 1998 quod
479 1903 608 1974 latebat
638 1903 795 1996 vulgares
828 1901 1003 1991 homines,
1042 1900 1227 1996 discipulos
1247 1923 1330 1974 vero

354 2029 472 2098 viriet
495 2027 687 2116 familiares,
710 2027 771 2120 qui
793 2023 932 2096 admissi
956 2024 1001 2096 ab
1020 2026 1094 2120 ipsc
1115 2025 1159 2094 ad
1171 2027 1330 2100 interiora

355 2173 449 2220 sacra
480 2149 634 2238 liserant,
666 2172 736 2220 non
758 2147 898 2218 latebat.
948 2145 988 2218 ld
1010 2172 1107 2238 vem,
1131 2149 1234 2244 quale
1256 2149 1329 2222 fue·

355 2272 419 2360 rit,
450 2271 627 2364 divulgare
657 2293 727 2342 nou
749 2271 886 2342 dubitat
909 2269 1113 2342 Alcibiades.
1164 2273 1242 2343 Vim
1264 2275 1328 2346 So·

354 2395 439 2466 crati
469 2395 641 2490 propriam
676 2406 916 2466 commemorat
950 2392 1118 2484 divinam,
1154 2421 1223 2490 qua
1246 2417 1326 2490 ego,

355 2517 486 2612 inquit,
515 2516 590 2586 ficri
613 2517 734 2588 melior
755 2516 952 2588 debueram.
1003 2515 1097 2586 lntns
1124 2518 1254 2590 Socrati
1277 2521 1328 2588 in-

353 2664 427 2712 esse
456 2640 540 2712 dicit
571 2640 838 2734 pulcritudinem
870 2638 1105 2710 admirabilem
1132 2639 1327 2734 quandam,

352 2789 415 2832 sua
443 2762 550 2832 forma
583 2773 617 2830 11
651 2760 886 2855 pulcritudine
901 2761 1010 2864 louge
1033 2763 1199 2858 longeque
1221 2786 1328 2858 supe-

353 2885 495 2955 riorem:
517 2882 606 2954 hauc
627 2884 693 2954 sibi
713 2885 956 2979 spernendam,
983 2883 1078 2954 illam
1101 2886 1202 2956 urtice
1224 2909 1327 2981 expe-

352 3007 492 3077 tendam
514 3007 628 3078 ducit:
654 3005 798 3077 alteram
820 3020 935 3078 autem
958 3032 1037 3078 cum
1060 3007 1164 3078 altera
1187 3031 1325 3104 permu-

352 3144 443 3221 tare,
477 3131 514 3201 id
548 3131 688 3201 demum
723 3153 796 3202 esso
823 3127 1328 3231 111,τῷ11τιχρύσεαχαλ·

351 3253 441 3327 κείων
462 3249 730 3348 depastam:
775 3255 825 3327 sic
858 3256 949 3326 enim
982 3250 1085 3326 licere
1121 3279 1185 3351 prc
1216 3258 1327 3352 specie

352 3375 464 3468 pulcri
501 3378 679 3447 veritatem
708 3378 855 3472 assequi.
917 3375 984 3448 Sed
1022 3375 1107 3448 baec
1137 3378 1187 3448 vis
1223 3381 1326 3467 mira,

351 3497 437 3568 baec
459 3497 658 3592 pulcritudo
680 3499 790 3594 qualis
811 3497 934 3588 fuerit,
959 3522 1040 3592 age,
1070 3499 1207 3594 plenius
1229 3502 1328 3574 nobis

354 3618 546 3691 Alcibiades
568 3621 726 3716 explicet.
755 3646 777 3692 1)
786 3620 1011 3712 Intelligitnr,
1033 3621 1101 3711 ait,
1125 3625 1329 3695 csermoni·

349 3742 419 3819 11111
442 3741 516 3812 1111.
568 3741 734 3814 Videntur
758 3742 810 3814 illi
826 3742 996 3820 ,contiuuo
1019 3743 1160 3814 absurdi
1182 3757 1218 3816 et
1240 3746 1328 3818 ridi-

304 3885 306 3892 ’
354 3867 433 3938 culi.
485 3864 604 3938 Asinos
636 3867 789 3962 loquitur
812 3866 987 3962 stupidos,
1022 3865 1205 3964 fabrusque
1229 3893 1328 3940 aera-

352 3991 419 4060 rios
442 4001 477 4058 et
497 4002 641 4077 sutores,
665 4011 865 4085 semperque
885 3987 939 4060 his
963 3990 1082 4061 iisdem
1095 4015 1191 4071 111111,
1208 3993 1328 4064 eadem
