2836 5080
712 491 894 562 ...24...

297 693 376 770 'rud
410 691 462 766 ὅτε)
492 693 552 784 μὲν
581 695 759 787 χρωμένοις
798 685 921 782 ἀτριβῆ
952 711 1008 773 τε,
1032 684 1088 756 aui
1114 684 1210 779 ὑγιῆ,
1236 683 1291 754 καὶ

313 812 487 912 ’ἀγήρατον
510 812 683 910 τορέχων,
711 806 831 884 θᾶττον
859 803 897 882 de
920 803 1079 899 νοήματος
1103 801 1293 900 ἀναμαρτή-

321 965 382 1017 τονς
417 941 655 1030 ὑπηρετοῦντα,
684 928 782 1011 οὗτος
822 932 868 1004 τοι
901 929 1027 1026 μέγιςοο
1057 928 1119 1023 μὴν
1139 924 1293 1023 τρίοττον

319 1060 456 1155 dodana,
484 1053 561 1130 τόδε
589 1051 625 1130 δὲ
668 1055 835 1147 οἰκονομῶν
869 1050 1008 1150 ἀόρατον
1036 1051 1109 1144 ἡμῖν
1141 1047 1205 1136 ἒςνν
1226 1049 1241 1146 (
1265 1048 1289 1144 ).

318 1181 391 1252 Sed
415 1179 506 1256 idem
531 1180 701 1266 Socrates,
727 1190 766 1248 ut
791 1176 834 1246 ad
853 1187 982 1245 tantam
1002 1175 1197 1270 perveniret
1213 1171 1291 1268 phi·

319 1301 523 1398 ¹losophandi
559 1300 821 1388 sublimitatem,
858 1300 1028 1394 primum,
1062 1309 1102 1368 ut
1137 1294 1291 1384 videtur,

322 1427 482 1496 dubitare
524 1423 644 1494 debuit
681 1421 726 1492 de
761 1421 927 1494 absurdae
961 1421 1057 1492 istius
1093 1415 1293 1515 μυθολογίαν

322 1549 542 1634 auotoritate5
575 1567 761 1639 ausamque
790 1546 838 1616 ita
862 1543 960 1614 facile
980 1541 1131 1638 juvenili⁴
1147 1565 1187 1612 ac
1211 1564 1293 1634 pro·-

322 1673 472 1742 reotiore
493 1669 578 1746 adeo
602 1681 712 1754 aetate
737 1668 866 1739 comico
888 1665 1006 1755 dedit,
1032 1676 1071 1735 ut
1091 1666 1203 1759 ipsum
1218 1675 1294 1732 tan-

323 1817 426 1886 quam
457 1793 600 1885 impium
630 1804 733 1884 atque
764 1791 888 1884 impiae
911 1787 1091 1860 ,doetrinae
1122 1797 1293 1856 auctorem

323 1920 359 1986 in
384 1939 518 1988 scenam
541 1915 755 2010 produceret.
802 1941 805 1948 ·

372 2041 516 2110 Socratis
533 2040 713 2108 memoravi
738 2043 778 2107 a'n
791 2037 1081 2132 philosophando
1104 2039 1296 2106 maturita-

327 2174 404 2233 tem.
454 2161 539 2230 Nam
563 2160 651 2230 illud
673 2171 764 2230 recte
786 2184 865 2244 cum
884 2159 929 2228 de
950 2162 1029 2229 viris
1048 2159 1199 2252 magma,
1222 2169 1296 2226 tum

325 2282 524 2378 praesertim
544 2280 589 2348 de
610 2279 822 2375 philosophis
841 2280 1040 2371 tenendum,
1064 2303 1140 2352 sero
1158 2279 1297 2352 demum

322 2406 402 2476 illos
424 2404 553 2498 diuque
572 2415 791 2498 posteaquam
811 2403 855 2474 ad
873 2415 1019 2474 aetatem
1035 2415 1202 2473 maturam
1213 2424 1297 2500 per-

327 2536 505 2613 venerunt,
523 2525 568 2596 ad
586 2526 712 2618 ingenii
733 2526 976 2622 doctrinaeque
996 2528 1234 2596 maturitatem¹
1247 2549 1298 2594 ao

326 2649 458 2720 cedere.
508 2647 598 2718 Talis
619 2647 772 2742 nondum
790 2647 887 2718 Plato
908 2651 944 2718 in
957 2647 1128 2719 Phaedro
1140 2660 1299 2741 est,qua-·

326 2773 368 2842 lis
396 2771 455 2840 ille
480 2771 516 2840 in
550 2767 701 2862 Gorqim
725 2771 761 2838 in
785 2767 937 2859 Potitia,
962 2773 998 2840 iu
1022 2770 1225 2840 Phaedone*
1243 2793 1298 2862 up

329 2905 444 2986 paret:
479 2915 564 2986 quos
593 2890 743 2984 dialogos
774 2893 898 2963 seriore
928 2891 1067 2962 demum
1101 2905 1211 2962 aetate
1236 2891 1301 2961 ela·

330 3010 472 3086 beravit.
546 3012 893 3092 Animadvertendum
942 3015 977 3085 id
1028 3017 1174 3087 maxime
1226 3028 1300 3103 est,

330 3139 390 3220 ubi
411 3137 455 3206 de
482 3137 649 3208 Socratica
672 3149 747 3206 tum
767 3136 942 3210 dialectiea
960 3150 1035 3210 tum
1053 3142 1221 3232 juvenum
1245 3140 1300 3208 in-

331 3261 509 3342 stitutione
538 3259 680 3351 agimus.
731 3257 859 3330 Auctor
878 3261 1070 3330 verissimae
1088 3260 1302 3350 dialecticae,

332 3403 419 3476 quae
447 3383 543 3473 justa
568 3380 622 3448 via
649 3379 700 3448 ad.
717 3381 981 3474 cognoscendam
1004 3383 1180 3454 veritatem
1203 3382 1303 3454 duce

332 3517 397 3593 ret,
419 3505 572 3586 Socrates
595 3501 676 3574 fuit:
701 3521 905 3598 quamquam
925 3517 960 3576 et
980 3505 1302 3577 anteeumfuerunt

332 3629 392 3722 qui
419 3626 510 3696 idem
541 3638 712 3696 tentarent
737 3639 771 3696 et
802 3639 880 3720 post
901 3651 980 3698 eum
1000 3628 1095 3699 Plato
1117 3640 1152 3700 et
1173 3629 1303 3700 Aristo·
1406 3609 1407 3614 ἵ

334 3750 431 3840 tales,
451 3749 545 3842 quod
565 3749 734 3843 praeclare
752 3749 977 3842 colloquendo
987 3749 1213 3842 inchoaverat,
1224 3753 1303 3824 scri·

342 3925 574 3942 ,-—-———·

369 4021 404 4089 (¹)
424 4023 496 4072 Mem.
516 4021 556 4070 Ν.
574 4022 600 4072 3.
620 4022 659 4069 1³.
678 4020 713 4070 Cf.
733 4021 753 4069 1.
772 4021 797 4070 4.
814 4024 853 4070 17.
