2828 5098
447 463 667 536 -111-

81 655 250 756 Apologia
277 672 314 728 et
348 657 544 732 Menoeceo
574 659 723 731 Platonis
752 657 898 730 videtur.
954 657 1042 729 Tum

80 803 172 870 vero,
210 781 306 876 quod
339 783 509 886 poeticam
548 781 642 852 illam
676 781 848 854 scribendi
879 782 1043 852 rationem

79 905 209 995 attinet,
235 904 467 1000 reputandum
500 907 662 977 continuo
684 915 755 995 art,
781 903 979 995 Platonem,
1003 917 1043 974 ut

77 1027 113 1097 ab
135 1029 234 1101 initio
256 1029 467 1118 monuimus,
496 1053 516 1099 a
538 1053 647 1125 puero
673 1029 722 1100 sio
744 1051 881 1124 operam
903 1049 1043 1098 navasse

76 1150 186 1242 poesi,
217 1161 257 1220 ut
285 1149 474 1220 destinatus
505 1153 628 1222 natura
662 1151 742 1223 huic
770 1153 834 1221 arti
854 1149 1040 1221 videretur.

75 1271 228 1360 Quamvis
261 1273 386 1366 igitur,
419 1283 458 1344 ut
492 1275 605 1368 patuit
638 1288 777 1372 postea,
811 1298 882 1345 non
918 1278 1042 1369 polita,

74 1395 129 1466 sed
160 1395 388 1493 philosophus
421 1408 521 1468 natus
553 1410 661 1488 esset,
693 1410 807 1468 tamen
836 1423 905 1470 non
928 1398 1043 1492 potuit

75 1537 138 1588 non
159 1523 234 1614 ejus
256 1522 384 1610 oratio,
404 1521 444 1610 in
465 1521 561 1592 libris
585 1521 790 1610 scribendis,
813 1524 981 1612 inuitum,
1002 1533 1042 1592 ut

74 1642 116 1712 ait
139 1641 392 1733 Quintilianus,
416 1667 531 1739 supra
559 1668 711 1738 prosam
738 1649 936 1716 orationem
959 1669 1066 1716 sors

72 1791 164 1860 gere.
216 1758 324 1838 Abest
356 1789 437 1838 vero
472 1767 639 1857 multum,
670 1779 710 1836 ut
732 1767 810 1838 talis
832 1769 876 1837 sit
898 1769 1043 1863 scriptor

75 1885 182 1980 Plato,
221 1887 331 1984 qualis
366 1907 388 1959 a·
419 1889 537 1960 multis
571 1889 758 1960 recentiore
789 1901 900 1958 aetate
929 1888 1043 1960 dictus

76 2005 276 2106 habitusque
298 2023 361 2083 est.
411 2011 486 2083 Non
508 2009 660 2084 flosculis
680 2033 717 2082 se
740 2011 858 2083 studet
879 2015 953 2106 ejus
973 2033 1056 2116 ora-3

75 2132 116 2204 tio
147 2157 286 2228 ornare,
316 2159 386 2206 non
419 2134 553 2208 affectet
575 2135 713 2231 poesin,
741 2159 812 2206 non
833 2135 966 2205 tumida
991 2147 1044 2206 est

74 2268 104 2325 et
123 2259 252 2330 inanis:
287 2261 491 2332 aromatico
515 2273 588 2347 est,
616 2247 677 2332 sed
702 2261 751 2331 ita
772 2260 870 2332 facile
892 2261 1043 2354 exsurgit

74 2379 110 2450 ad
143 2382 351 2473 tragicorum
370 2379 587 2474 aliorumque
611 2382 695 2450 item
712 2385 911 2474 poetarum,
935 2384 1043 2478 ipsius

74 2501 154 2576 adeo
177 2501 314 2572 Pindari
334 2501 594 2573 sublimitatem.
644 2503 764 2597 ltaque
784 2515 877 2573 recte
895 2503 963 2575 dici
976 2505 1044 2577 elo·

74 2625 198 2718 quendi
221 2623 364 2696 facultas
386 2624 548 2716 Platonis,
566 2637 605 2695 ut
627 2623 720 2698 dicta
742 2626 786 2696 ab
809 2626 928 2698 eodem
939 2627 1044 2715 Quin-

74 2745 187 2820 tiliano
208 2760 278 2837 est,
303 2749 431 2818 divino
453 2749 626 2844 quaedam
645 2759 680 2819 et
700 2749 899 2821 Homerico
917 2765 1042 2846 potest.

120 2869 288 2943 Monenda
319 2872 482 2943 continuo
516 2870 601 2942 haec
628 2883 742 2963 erant,
766 2874 810 2944 n'e
829 2875 938 2969 iniqui
958 2899 1044 2946 esse-

74 3015 146 3065 mus
168 2995 213 3064 de
234 2993 384 3066 Platonis
406 2993 579 3066 scribendi
602 3015 725 3087 genere
745 2995 891 3090 judices.
942 2997 1043 3068 Com-

73 3117 162 3188 misit
196 3117 285 3189 illud
317 3118 497 3215 Dionysius
529 3121 647 3190 veteri
677 3130 882 3210 oratorum,
921 3131 961 3190 ut
996 3121 1043 3190 ait

75 3237 379 3338 wyttenbachius,
413 3265 506 3338 orgo
527 3241 767 3336 philosophos
791 3245 872 3314 odio
896 3245 1042 3335 doctos,

74 3364 111 3431 io
136 3367 276 3458 primis
311 3387 402 3458 erga
438 3363 646 3452 Platonem,
684 3369 786 3458 cujus
818 3354 854 3436 at
883 3367 989 3438 olibi·
1009 3382 1046 3442 et

75 3488 230 3556 monime
252 3489 292 3555 in
320 3483 462 3582 Gorgia
476 3477 662 3580 judiciam
689 3487 731 3557 de
752 3491 857 3559 oioilo'
882 3491 1043 3587 eloquen-

78 3613 145 3700 tta,
186 3613 344 3681 mnibus
378 3611 542 3705 deinceps
572 3620 608 3682 ei
637 3613 842 3682 oratoribus
869 3623 904 3684 ct
923 3615 1042 3686 rlteto-

76 3717 186 3804 ribus
210 3735 305 3806 sedit
336 3735 414 3806 atta
445 3744 558 3806 mente
581 3745 762 3829 repostum.
790 3733 853 3832 (*)
904 3739 1042 3810 Nosne

105 4001 141 4070 (a)
158 4003 189 4054 v⁴
207 4001 335 4071 wyttenb,
356 4003 441 4070 Epist.
458 4003 484 4053 in
501 4001 585 4068 opusc.
604 4001 655 4051 Vol.
673 4005 706 4053 11.
733 4015 735 4018 ’
