2824 5084
734 431 1010 544 --ι72--ἱ
1094 541 1100 554 ,

355 674 532 768 diligentia
555 675 731 768 pervenit,
757 688 795 744 ut
819 675 963 746 virtutes
988 696 1061 744 esse
1085 673 1216 744 diceret
1239 675 1331 766 inter

354 795 426 868 duo
448 808 597 868 extrema
621 795 760 867 medias.
793 795 940 890 .Elegans
961 819 1041 868 sane
1063 794 1329 880 animadversi03

355 932 391 990 et
426 920 582 1010 omnino,
607 942 694 1016 quae
718 919 792 1014 ipse
817 918 862 990 de
883 920 982 990 variis
1004 917 1182 990 hominum
1206 920 1328 1020 aetati-

354 1042 438 1132 bus,
474 1065 562 1138 quac
586 1041 631 1112 de
653 1040 902 1140 characteribus
934 1040 1112 1112 hominum
1135 1040 1326 1136 discipulus

354 1169 429 1261 ojus
453 1164 706 1260 Theophrastus
728 1167 886 1261 scripsit,
919 1163 1072 1236 referunt
1093 1163 1152 1234 illa
1181 1163 1327 1258 diligen·

355 1290 525 1362 tissimum
548 1301 583 1360 et
606 1287 784 1360 hominum
808 1301 842 1358 et
861 1305 987 1360 ‘rorum
1016 1275 1350 1360 humanarum'obu

356 1423 580 1506 savatorem,
616 1409 859 1506 philosophum
875 1433 985 1500 aero,
1009 1413 1070 1506 qui
1095 1411 1218 1506 ipsum
1231 1412 1326 1505 peni-

358 1547 414 1606 tus
442 1555 649 1628 cognoscere
686 1535 861 1604 homiaem
883 1533 1037 1623 studeat,
1070 1556 1139 1604 non
1163 1531 1323 1603 referunt.

313 1721 317 1730 .
356 1655 490 1728 Accidit
513 1637 629 1730 sutem
650 1658 720 1748 ita,
745 1669 803 1747 ut,
828 1680 917 1753 quae
939 1681 1018 1730 cum
1040 1656 1152 1728 ethica
1174 1658 1325 1752 proxime

355 1782 558 1874 conjunctae
581 1791 680 1870 sunt,
698 1778 885 1870 doctrinae,
909 1780 960 1850 uti
975 1778 1133 1875 politicae
1146 1777 1327 1850 actheolo·

357 1905 580 1997 neaerae
604 1903 649 1974 ab
659 1900 841 1982 Aristotele
865 1915 900 1974 et
921 1901 1196 1974 discernerentur
1215 1914 1250 1972 et
1267 1926 1327 1996 op-

358 2027 440 2098 tima
464 2024 626 2098 methodo
650 2025 920 2116 instruerentur,
945 2036 1020 2094 tom
1043 2025 1147 2096 etiam
1178 2024 1328 2096 illustra-

357 2159 477 2218 rentur
507 2149 642 2242 egregie
676 2148 878 2218 acutissimis
913 2147 1109 2242 quibusque
1140 2145 1186 2218 de
1218 2147 1328 2220 homi-

358 2269 459 2340 nibus
495 2268 809 2360 observationibus,
839 2268 901 2340 sod
934 2270 1028 2366 ipsae
1060 2281 1172 2342 essent
1203 2271 1329 2366 princi-

357 2389 651 2488 piisldostitutae‚
664 2391 803 2488 'quibus
826 2391 907 2464 solis
930 2415 1009 2466 vere
1037 2392 1199 2488 prodesse
1220 2393 1331 2466 homi·

266 2547 268 2551 ·
357 2537 459 2586 num.
478 2515 593 2610 generi
626 2513 803 2590 debererit.
837 2499 1008 2590 ⁴Politice¹
1035 2516 1134 2613 apud
1167 2541 1249 2589 eum
1288 2519 1331 2589 ad

358 2649 450 2711 recte
473 2637 729 2734 prudenterque
752 2638 965 2732 regendum,
1000 2663 1070 2710 non
1090 2639 1152 2712 od
1167 2641 1256 2736 ipsos
1273 2641 1333 2712 in·

228 2746 230 2751 ’
359 2773 417 2832 tus
454 2758 682 2830 emendandas
719 2760 872 2832 civitates
905 2761 1123 2858 pertinebat;
1158 2761 1334 2858 theologia

358 2903 461 2969 vero,
496 2892 536 2952 nt
559 2871 611 2954 ‘ad
643 2903 698 2952 res
713 2880 883 2978 physicas
906 2883 1119 2956 referebatur
1145 2908 1334 2984 eammquo

357 3013 533 3076 auctorem
557 3002 733 3099 spectabat
762 3006 929 3095 maxime,
959 3005 1116 3080 sublimis
1141 3021 1238 3100 erat5
1266 3011 1334 3082 imo

359 3137 432 3197 tota
464 3135 537 3196 erat
572 3147 675 3220 supra
708 3139 847 3223 captum
877 3127 1047 3218 bomiuis3
1081 3130 1125 3201 ad
1157 3117 1334 3205 hominem

359 3269 441 3319 sero
464 3245 735 3343 perficiendum,
766 3247 810 3319 ad
844 3251 1053 3324 verissimam
1075 3253 1332 3349 provehendam

359 3367 506 3446 hominis
541 3367 739 3442 felicitatem
773 3396 843 3444 non
877 3374 1025 3462 valebat.
1085 3377 1159 3451 Non
1197 3393 1334 3452 constat

357 3488 465 3580 adeo,
489 3502 582 3564 certe
605 3489 803 3566 dubitatum
826 3519 846 3566 a
864 3495 981 3568 multis
997 3509 1064 3589 est,·
1080 3523 1164 3570 num
1178 3503 1335 3573 animum
1396 3579 1397 3584 ,

359 3611 559 3728 aristaee
582 3615 809 3688 immortalem
833 3640 906 3690 ase
929 3621 1169 3694 exemero
1194 3622 1208 3721 (
1232 3621 1275 3720 )..

392 3821 428 3905 (l)
443 3821 571 3890 wyttenb.
587 3827 618 3877 do
633 3831 738 3880 maort.
754 3833 842 3881 enini.
854 3833 942 3898 opusc.
958 3833 992 3882 ll.
1009 3831 1034 3898 p.
1051 3834 1111 3883 001.
1130 3805 1337 3900 ῦί.1ῦη’.οἆοιιὶ,
1395 3795 1396 3830 t

355 3916 610 4001 quaestionando,
628 3923 654 3971 η’
669 3919 773 3974 danim
789 3925 896 3975 amado
914 3927 1049 3976 Adtento
1065 3943 1078 3976 a
1099 3929 1203 3980 monade
1213 3931 1338 3981 almor-

357 4014 417 4063 ὑπὸ.
435 4010 499 4065 Veri.
518 4013 596 4066 toti.
1394 4053 1395 4076 r
