2824 5084
717 529 767 546 ..-
793 449 935 560 lot-
985 567 990 578 ,

340 691 456 762 larunt
477 699 592 758 antem
612 709 713 776 eum,
737 684 782 756 dc
801 683 951 756 Platonis
972 682 1130 770 nominc,
1153 707 1315 754 umorem

318 812 592 885 ‘Platonicum
628 830 716 904 quae
743 831 809 879 rox
840 807 930 879 bane
959 803 1081 895 habuit
1102 803 1231 874 deinde
1247 818 1314 900 per
1401 887 1403 910 ¹

340 937 532 1008 nniversam
566 933 735 1028 Europam
764 932 1020 1020 auctoritatem,
1042 941 1083 1000 nt
1104 927 1312 1026 perfectissi-
1401 913 1403 978 l

340 1083 418 1131 mus
439 1058 587 1154 quisque
610 1068 646 1127 et
668 1055 902 1127 divinissimus
926 1077 1040 1144 amor,
1065 1052 1132 1124 hoc
1154 1053 1232 1148 ipso
1255 1075 1310 1122 no·

339 1184 451 1273 mine,
476 1203 572 1252 amor
592 1179 788 1251 Platonicus
808 1189 999 1250 vocaretur.
1049 1175 1228 1266 Fuerunt,
1252 1176 1312 1270 qui

262 1380 266 1388 ,
339 1302 631 1402 reprehenderent
652 1325 753 1392 eum,
777 1312 942 1394 tanquam
963 1300 1137 1394 puriorem
1158 1298 1311 1370 divinio-

338 1449 499 1524 remque,
536 1448 641 1522 qnam
673 1425 735 1520 qui
764 1422 886 1496 cadere
916 1422 953 1492 in
985 1421 1160 1510 homines,
1192 1419 1311 1514 qtmlca

338 1573 400 1621 nos
428 1571 568 1639 snmus,
598 1557 741 1643 posset,
767 1557 804 1616 et
825 1554 922 1640 patet
943 1541 1025 1614 binc
1045 1541 1166 1633 nobis,
1190 1541 1311 1616 Plato-

337 1693 440 1763 uem,
465 1682 505 1742 ut
529 1669 732 1756 incaeteris
754 1668 935 1758 omnibus,
958 1667 1006 1736 ita
1028 1663 1093 1738 hac
1115 1667 1312 1760 quoque'in

337 1815 400 1885 re,
424 1817 494 1866 non
518 1793 601 1865 satis
625 1791 823 1883 homiuem,
848 1789 960 1886 qualis
984 1801 1086 1881 esset,
1110 1788 1309 1878 attendisse,

338 1915 401 1990 sed
422 1915 562 1988 linxisse
588 1914 749 2008 subinde,
774 1912 913 2010 qualem
932 1913 998 2008 ipsi
1016 1911 1181 2008 placeret,
1205 1923 1308 1984 natu·

336 2065 411 2113 ram
434 2040 631 2114 humanam.
664 2039 895 2112 Veruntamen
915 2035 983 2109 hoc
1002 2049 1039 2108 et
1058 2036 1158 2126 Itali,
1182 2048 1218 2107 et
1239 2035 1308 2108 Eu*

335 2164 450 2258 ropaei
484 2161 611 2234 deinde
642 2183 760 2234 omnes
790 2159 984 2230 Platonicae
1011 2157 1210 2231 debuerunt
1233 2157 1310 2255 phi·
1398 2242 1399 2274 1

335 2282 531 2380 losophiae,
564 2293 604 2354 nt
636 2307 657 2354 a
690 2281 822 2376 vulgari
845 2303 960 2352 amora
982 2283 1164 2354 coelestem
1192 2281 1307 2352 distin·

338 2417 503 2500 gnorent,
531 2403 625 2477 htmc
646 2415 763 2476 autem
785 2413 822 2474 et
842 2404 997 2476 moribus
1022 2406 1092 2476 suis
1116 2405 1308 2478 excolendis
1343 2451 1348 2460 ·

333 2541 371 2601 et
394 2553 476 2602 vero
500 2530 604 2600 etiam
623 2526 833 2624 explicandis
856 2527 1029 2622 religionis
1041 2528 1308 2620 nostraeeffatis,
1398 2519 1399 2524 ἵ

334 2653 380 2724 ad
397 2677 571 2728 summum
591 2653 727 2724 virtutis
743 2653 1007 2749 verissimaeque
1022 2654 1209 2726 sanctitatis
1217 2652 1306 2726 fruc·
1397 2709 1398 2718 ,

334 2791 433 2867 tum,
460 2774 678 2846 adhiberent.
728 2772 910 2846 Accedunt
941 2776 1031 2867 alia,
1064 2801 1151 2872 quae
1171 2775 1307 2849 Platoni

334 2899 519 2970 debeamus
544 2897 703 2968 maxime.
731 2895 806 2968 Vim
827 2899 919 2970 enim
938 2898 1205 2972 illenonminns
1217 2921 1308 2994 mag·
1397 2963 1398 2986 ,

333 3046 412 3093 nam
445 3043 525 3094 cum
562 3021 600 3090 in
632 3030 722 3090 artes
750 3018 938 3111 Italorum,
971 3033 1049 3094 tum
1089 3023 1250 3094 universe
1274 3023 1308 3092 in

334 3146 489 3240 gentium
513 3144 765 3239 Europaearum
789 3141 1042 3240 philosophiam
1063 3141 1200 3217 habuit.
1233 3145 1308 3220 Non

333 3280 399 3358 est,
420 3269 450 3338 si
469 3267 514 3338 ab
536 3287 650 3338 amore
673 3263 881 3358 discesseris,
900 3267 1084 3340 sublimior
1098 3269 1137 3338 in
1158 3269 1307 3342 Platonis

334 3389 491 3462 doctrina
513 3390 609 3462 locus
630 3389 710 3473 illo,
735 3392 796 3486 qui
815 3391 860 3462 ad
882 3389 975 3462 ideas
997 3390 1154 3464 refertur
1205 3393 1307 3466 Pauci
1398 3473 1399 3478 ,

334 3515 600 3609 omnitempore
621 3513 782 3606 bierunt,
805 3515 867 3610 qui
889 3514 989 3586 illum
1009 3517 1059 3588 sic
1084 3517 1305 3612 explicarent,

334 3637 384 3708 sic
415 3637 547 3709 artibus
582 3637 759 3734 literisque
794 3637 979 3710 tractandis
1012 3637 1238 3732 adhiberent,
1268 3652 1306 3711 ut

333 3761 531 3834 Ciceronem
560 3761 678 3836 secisse
710 3773 855 3834 constat.
915 3761 983 3833 Sed
1019 3775 1060 3834 ut
1093 3763 1170 3834 Itali
1202 3763 1304 3852 inde,

332 3886 380 3956 ita
405 3886 528 3958 caeteri
551 3911 690 3982 quoqne
708 3887 897 3983 Europaei,
918 3887 955 3956 in
976 3885 1107 3957 artibus
1126 3886 1305 3981 literisque

334 4007 540 4099 tractandis,
572 4008 616 4079 ad
642 4009 816 4080 idealiam
839 4008 1029 4080 doctrinam
1051 4021 1304 4104 pernencnmt,
