2836 5080
509 497 699 568 ...21-

124 691 322 785 exagitarit3
345 691 512 764 Socratem
534 704 648 764 autem
670 693 814 785 induxit,
835 698 894 789 qui
916 719 989 767 eam
1010 697 1089 768 rudi

124 813 252 886 bomini
293 812 450 884 traderet.
511 814 579 886 Nec
613 839 692 888 vero
726 817 1008 909 existimandum,
1042 821 1091 890 sic

122 934 400 1030 philosophatum
423 935 467 1006 de
486 951 606 1008 natura
622 961 696 1009 esse
705 935 946 1034 Anaxagoram,
959 953 998 1011 ut
1009 941 1090 1012 deos

123 1057 227 1161 plane
257 1083 295 1128 ac
323 1057 471 1128 divinam
503 1060 750 1154 providentiam
783 1061 939 1150 tollerem
973 1062 1093 1133 tollere

124 1191 242 1252 contra
269 1179 361 1274 vulgi
392 1183 669 1275 superstitionem
705 1183 855 1271 studuit3
889 1185 982 1279 quod
1001 1196 1093 1254 recte

125 1301 210 1372 vidit
232 1300 445 1374 Plutarchus.
468 1303 554 1374 Cum
573 1305 655 1376 alios
677 1304 820 1396 fructus,
840 1307 899 1395 ait,
910 1306 1031 1377 Pericli
1042 1317 1095 1375 tu·

125 1423 166 1494 lit
198 1421 412 1516 Anaxagorae
440 1450 535 1515 usus,
567 1440 643 1497 tum
658 1451 739 1498 vero
761 1430 853 1498 omni
874 1451 954 1499 eum
975 1451 1096 1523 super-

128 1549 262 1620 stitione
284 1548 461 1636 liberavit,
484 1573 572 1643 quae
593 1563 756 1622 terrorem
773 1575 794 1620 e
811 1551 913 1622 rebus
932 1551 1097 1622 aethereis

130 1671 292 1766 imprimit
310 1671 542 1763 ignorantibus
563 1695 679 1742 earum
699 1697 846 1745 caussas:
869 1675 904 1765 ἣν
924 1675 940 1748 ὅ
956 1673 1097 1769 φυτικὸν

130 1789 229 1890 λόγος
256 1787 505 1884 ἀπαλλάττων,
539 1794 614 1868 ἀντὶ
645 1797 702 1882 τῆς
732 1795 883 1892 φνβεράς
910 1799 966 1870 κα)
985 1801 1099 1892 Φλεγ-

131 1919 303 2010 cainam
326 1910 594 2009 ἀειτνδάνμννίάτ,
614 1915 670 2005 τὶν
693 1913 837 2010 ἀσφαλῆ
862 1917 939 2008 μετ’
965 1914 1100 1991 {lailot
1165 1977 1170 1982 .

132 2034 264 2136 ἀγαθῶν
295 2035 462 2130 εὐσέβειαν
493 2034 702 2135 ἐνεργάζεται
726 2037 788 2136 (ἢ.
839 2039 949 2110 Facile
976 2038 1101 2110 idcirco

43 2186 45 2191 ·
131 2162 302 2250 Socrates,
336 2185 398 2256 pro
425 2163 541 2251 tauta,
573 2183 660 2256 quae
682 2162 748 2256 ipsi
774 2163 875 2232 insita
898 2173 991 2251 erat,
1017 2185 1101 2255 cog-

134 2283 296 2356 noscendi
327 2283 505 2378 cupidine,
535 2283 615 2354 huic
639 2286 790 2354 interiori
814 2284 1013 2378 indulgebat
1036 2309 1102 2354 na·
1161 2263 1163 2268 Ι

136 2419 234 2476 turae
264 2405 535 2499 perscrutationi.
554 2499 557 2506 Ι
593 2404 692 2490 Quod
716 2417 829 2474 autem
852 2405 945 2500 apud
968 2403 1103 2476 Aristo-

137 2525 287 2622 phanem
320 2537 376 2604 ut,
392 2523 486 2605 ἀθενς
506 2526 670 2613 occurrit,
691 2527 751 2618 qui
772 2525 884 2594 Iovem
905 2549 977 2595 esse
999 2539 1106 2596 caete-

136 2671 261 2743 rosque
289 2647 371 2718 deos
394 2660 553 2741 negaret,
578 2646 615 2716 id
639 2645 927 2740 quemadmodum
951 2648 996 2716 sit
1020 2649 1107 2718 acci-

138 2770 321 2866 piendum,
346 2793 366 2840 e
389 2769 529 2842 Platone
552 2767 766 2861 intelligitur.

189 2892 381 2964 Praeclarus
413 2903 466 2962 est
496 2893 532 2960 in
565 2893 640 2984 ejus
669 2889 812 2961 Potitia
841 2890 955 2980 locus,
981 2891 1041 2960 ubi
1065 2892 1110 2961 de

142 3015 346 3086 carminibus
374 3037 494 3108 agens,
519 3013 645 3107 quibus
672 3013 837 3082 ateneris
863 3013 970 3082 imbui
997 3023 1111 3082 custo-

140 3137 227 3210 dum
260 3139 361 3208 animi
398 3137 566 3225 debeant,
592 3148 631 3206 ut
653 3135 697 3206 ad
718 3134 955 3206 fortitudinem
977 3159 1016 3206 ac
1040 3157 1113 3205 mo-

142 3261 288 3332 destiam
323 3259 594 3348 conformentur,
631 3257 735 3346 deos,
766 3255 883 3351 quales
915 3258 951 3326 in
976 3257 1114 3328 Homeri
1239 3327 1240 3330 ,

146 3383 350 3454 carminibus
375 3393 527 3470 exstant,
552 3363 728 3474 reprobat
776 3379 882 3450 »Non
902 3379 1114 3468 tolerandae,

144 3505 218 3594 ait,
243 3503 375 3576 fabulae
399 3505 483 3576 istae
507 3514 608 3592 sunt,
634 3501 759 3596 quibus
787 3501 932 3572 facinora
957 3525 1114 3584 enarrem

148 3641 207 3699 tm·
221 3628 366 3698 *Saturni
391 3628 427 3696 in
450 3611 601 3696 Uranum
622 3649 662 3695 ac
680 3624 766 3696 Iovis
781 3625 817 3694 in
831 3625 1013 3729 Saturnum
1024 3648 1116 3696 com·

150 3751 262 3822 missa.
312 3749 423 3854 Quae,
457 3749 587 3818 etiamsi
612 3747 667 3818 vel
691 3747 834 3816 maxime
858 3759 969 3818 essent
998 3767 1115 3842 verae,
1211 3795 1215 3806 .

187 4000 223 4084 (i)
241 4017 304 4068 rtur.
323 4035 346 4066 a.
365 4015 460 4067 peuce.
479 4033 500 4064 c.
519 4017 544 4066 o.
560 4013 615 4064 via.
633 4015 718 4080 neyna
731 4015 760 4064 aa
778 4016 892 4081 Apurios.
911 4017 1002 4080 purim.
