2836 5080
721 481 912 552 ...72-

339 680 453 750 audita
484 679 566 748 haec
600 678 702 772 plane
732 678 857 771 placita
893 676 1022 772 populo
1043 673 1303 745 Atheniensium

338 813 447 870 erant:
478 823 625 895 cumque
658 812 808 870 avertere
828 798 946 868 eadem
969 797 1213 893 areipublioae
1238 796 1303 866 ad-

211 967 213 972 .
292 919 294 923 ’
339 925 583 994 ministratione
601 945 781 1017 generosae
802 923 917 1017 stirpis
935 926 1078 1016 juvenes
1095 919 1303 1008 viderentur,

338 1047 413 1116 talis
445 1059 582 1140 tamque
612 1045 796 1135 absurdae,
826 1057 865 1114 ut
894 1042 1306 1138 ridebatur,disoiplinae

338 1180 455 1240 auctor
487 1193 556 1239 non
590 1181 723 1263 poterat
753 1191 822 1237 non
853 1169 1029 1238 innovator
1059 1192 1098 1236 ac
1114 1167 1305 1258 juventutis

338 1304 515 1386 corruptor
535 1290 652 1360 videri.

386 1413 489 1505 Ergo,
518 1414 569 1480 uti
592 1435 770 1482 commune
793 1437 871 1482 curn
891 1413 1030 1482 caeteris
1053 1411 1218 1506 Sophistis
1241 1411 1306 1482 hoc

339 1535 465 1604 habere
487 1533 666 1604 dicebatur
687 1535 860 1624 Socrates,
879 1546 918 1604 ut
940 1533 1070 1604 nullam
1092 1557 1160 1604 non
1173 1546 1306 1604 senten·

338 1657 423 1726 tiam
457 1655 601 1726 dicendo
636 1655 970 1750 argumentandoque
1000 1668 1115 1750 posset
1137 1667 1305 1745 evertere,

340 1781 387 1848 ita
419 1779 506 1849 illud
536 1801 609 1848 esse
628 1780 804 1874 proprium
826 1780 898 1849 viro
920 1779 1191 1870 existimabatur,
1213 1780 1307 1872 quod

339 1903 374 1971 in
403 1925 441 1972 rc
464 1916 533 1972 tam
556 1902 749 1995 religionis,
778 1925 880 1997 quarn
901 1902 1045 1971 civitatis
1067 1928 1159 1972 novo
1182 1904 1308 1973 moliri

338 2025 529 2095 videbatur.

389 2148 520 2241 Hospes
552 2121 666 2216 autem
688 2147 733 2216 sit
755 2168 890 2216 necesse
913 2159 964 2216 est
987 2149 1023 2215 in
1045 2159 1197 2217 veterum
1221 2149 1305 2218 civi-

341 2281 451 2339 tatum
484 2267 553 2337 hist
539 2268 641 2356 toria,
675 2269 735 2362 qui
765 2269 916 2360 ignorat,
882 2268 1035 2340 thane
1066 2269 1138 2340 illic
1157 2295 1306 2342 caussam

339 2392 376 2460 in
410 2377 528 2484 priniis
559 2387 661 2459 luisse
690 2389 880 2484 capitalem.
930 2392 1016 2460 Nam
1040 2372 1240 2486 aaraoropah
1266 2391 1306 2460 il-

339 2511 419 2601 lud,
451 2535 513 2582 rea
539 2536 650 2580 novos
671 2513 796 2581 moliri
814 2513 905 2582 idem
925 2512 1115 2584 habebatur
1137 2539 1176 2585 ac
1196 2527 1306 2610 tyran·

339 2633 457 2704 nidem
479 2633 645 2705 affectare.
696 2634 922 2720 Quamobrem
945 2635 1027 2706 Cato
1048 2636 1107 2706 ille
1128 2636 1304 2707 Censorius

340 2759 434 2852 apud
466 2759 651 2842 Romanos,
691 2777 799 2848 quum
836 2756 1053 2828 inveheretur
1075 2758 1305 2828 vehementis-

343 2882 427 2951 sime
460 2880 497 2946 in
517 2875 723 2946 Carneadem
750 2889 965 2974 caeterosque
992 2881 1197 2951 Graecorum
1223 2879 1305 2975 phi-

341 3001 519 3098 losophos,
538 3021 602 3069 neo
621 2999 748 3069 Socrati
772 2999 910 3092 quidem
930 3014 1095 3096 parceret,
1106 3002 1199 3073 hunc
1215 3003 1305 3074 dice·

341 3129 402 3198 hat
423 3119 803 3220 tyrannidisdocendae
824 3143 921 3190 reum
948 3119 1062 3192 luisse.
1094 3123 1193 3210 Quod
1216 3138 1305 3197 recte

343 3244 544 3318 Plutarchus
569 3241 745 3311 ambitioni
769 3239 903 3312 Catonis
933 3243 1104 3314 adscribit.
1155 3247 1210 3316 Sic
1230 3271 1304 3342 age-

343 3372 403 3441 bat
434 3369 493 3438 ille
519 3390 558 3436 ae
580 3363 733 3454 dicebat,
761 3364 826 3453 ait,
854 3363 933 3444 ὅλως
957 3366 1146 3462 φιλοσοφίᾳ
1167 3393 1304 3463 προσ-κε.
1399 3355 1400 3376 l

343 3518 500 3587 κρσυκως,
521 3485 577 3560 καὶ
599 3487 713 3557 πᾶσαν
733 3485 914 3574 Ἑλληνικὴν
935 3479 1064 3578 paduae
1080 3489 1137 3561 aa>
1158 3487 1304 3565 rectator

346 3613 407 3686 ὑπὸ
433 3607 625 3704 Φιλοτιμίας
642 3635 669 3680 a·
669 3607 962 3705 porataaiffuafl.)
1012 3611 1079 3681 Sed
1099 3635 1160 3682 nos
1180 3613 1224 3682 ad
1239 3625 1305 3684 ter·
1398 3663 1401 3674 ,

344 3737 426 3806 tiam
447 3736 519 3826 jam
543 3729 740 3801 accedamus
765 3731 996 3823 quaestionem
1020 3745 1180 3829 nostram
1276 3775 1279 3784 ι

352 3913 546 3929 μμ...-

379 4001 649 4077 (*)1²1uuurehaaeaa
667 4003 760 4069 Moj.c
748 4001 828 4050 c..aa

1077 4073 1402 5050 l
