<?xml version="1.0" encoding="UTF-8"?>
<!DOCTYPE html PUBLIC "-//W3C//DTD XHTML 1.0 Transitional//EN"
    "http://www.w3.org/TR/xhtml1/DTD/xhtml1-transitional.dtd">
<html xmlns="http://www.w3.org/1999/xhtml" xml:lang="en" lang="en">
 <head>
  <title>
</title>
<meta http-equiv="Content-Type" content="text/html;charset=utf-8" />
  <meta name='ocr-system' content='tesseract 3.04.00' />
  <meta name='ocr-capabilities' content='ocr_page ocr_carea ocr_par ocr_line ocrx_word'/>
</head>
<body>
  <div class='ocr_page' id='page_1' title='image "./characterismipr00heusgoog_0125.png"; bbox 0 0 2828 5098; ppageno 0'>
   <div class='ocr_carea' id='block_1_1' title="bbox 734 455 954 526">
    <p class='ocr_par' dir='ltr' id='par_1_1' title="bbox 734 455 954 526">
     <span class='ocr_line' id='line_1_1' title="bbox 734 455 954 526; baseline 0 0"><span class='ocrx_word' id='word_1_1' title='bbox 734 455 954 526; x_wconf 54' lang='lat'><strong>--112-«</strong></span> 
     </span>
    </p>
   </div>
   <div class='ocr_carea' id='block_1_2' title="bbox 306 645 1335 2098">
    <p class='ocr_par' dir='ltr' id='par_1_2' title="bbox 306 645 1335 2098">
     <span class='ocr_line' id='line_1_2' title="bbox 356 645 1335 740; baseline -0.008 -16"><span class='ocrx_word' id='word_1_2' title='bbox 356 652 466 740; x_wconf 86' lang='lat' dir='ltr'><strong>simile</strong></span> <span class='ocrx_word' id='word_1_3' title='bbox 489 652 740 720; x_wconf 82' lang='lat' dir='ltr'><strong>committamus</strong></span> <span class='ocrx_word' id='word_1_4' title='bbox 770 651 910 738; x_wconf 91' lang='lat' dir='ltr'><strong>vitium,</strong></span> <span class='ocrx_word' id='word_1_5' title='bbox 933 647 1022 718; x_wconf 93' lang='lat' dir='ltr'><strong>illud</strong></span> <span class='ocrx_word' id='word_1_6' title='bbox 1044 647 1176 717; x_wconf 91' lang='lat' dir='ltr'><strong>Platoni</strong></span> <span class='ocrx_word' id='word_1_7' title='bbox 1197 645 1335 716; x_wconf 89' lang='lat' dir='ltr'><strong>tribua·</strong></span> 
     </span>
     <span class='ocr_line' id='line_1_3' title="bbox 356 763 1334 868; baseline -0.009 -22.18"><span class='ocrx_word' id='word_1_8' title='bbox 356 800 450 863; x_wconf 88' lang='lat' dir='ltr'><strong>mus,</strong></span> <span class='ocrx_word' id='word_1_9' title='bbox 484 772 578 868; x_wconf 92' lang='lat' dir='ltr'><strong>quod</strong></span> <span class='ocrx_word' id='word_1_10' title='bbox 611 773 776 845; x_wconf 83' lang='lat' dir='ltr'><strong>concessit</strong></span> <span class='ocrx_word' id='word_1_11' title='bbox 806 773 837 842; x_wconf 91' lang='lat' dir='ltr'><strong>ei</strong></span> <span class='ocrx_word' id='word_1_12' title='bbox 860 763 968 844; x_wconf 90' lang='lat' dir='ltr'><strong>omnis</strong></span> <span class='ocrx_word' id='word_1_13' title='bbox 992 771 1196 866; x_wconf 77' lang='lat' dir='ltr'><strong>antiquitas,</strong></span> <span class='ocrx_word' id='word_1_14' title='bbox 1230 793 1334 864; x_wconf 85' lang='lat' dir='ltr'><strong>prae-</strong></span> 
     </span>
     <span class='ocr_line' id='line_1_4' title="bbox 355 893 1334 976; baseline -0.006 -8"><span class='ocrx_word' id='word_1_15' title='bbox 355 897 601 968; x_wconf 88' lang='lat' dir='ltr'><strong>stantissimum</strong></span> <span class='ocrx_word' id='word_1_16' title='bbox 624 919 704 966; x_wconf 90' lang='lat' dir='ltr'><strong>enm</strong></span> <span class='ocrx_word' id='word_1_17' title='bbox 726 895 829 966; x_wconf 88' lang='lat' dir='ltr'><strong>luisse</strong></span> <span class='ocrx_word' id='word_1_18' title='bbox 849 894 1036 976; x_wconf 73' lang='lat' dir='ltr'><strong>rhetoricae</strong></span> <span class='ocrx_word' id='word_1_19' title='bbox 1054 893 1241 970; x_wconf 85' lang='lat' dir='ltr'><strong>doctorem.</strong></span> <span class='ocrx_word' id='word_1_20' title='bbox 1264 893 1334 964; x_wconf 91' lang='lat' dir='ltr'><strong>Ne-</strong></span> 
     </span>
     <span class='ocr_line' id='line_1_5' title="bbox 354 1015 1332 1114; baseline -0.006 -24"><span class='ocrx_word' id='word_1_21' title='bbox 354 1045 412 1091; x_wconf 89' lang='lat' dir='ltr'><strong>mo</strong></span> <span class='ocrx_word' id='word_1_22' title='bbox 434 1043 587 1114; x_wconf 92' lang='lat' dir='ltr'><strong>unquam</strong></span> <span class='ocrx_word' id='word_1_23' title='bbox 610 1019 735 1090; x_wconf 86' lang='lat' dir='ltr'><strong>rectius</strong></span> <span class='ocrx_word' id='word_1_24' title='bbox 758 1017 932 1100; x_wconf 79' lang='lat' dir='ltr'><strong>rhetorum</strong></span> <span class='ocrx_word' id='word_1_25' title='bbox 953 1017 1098 1110; x_wconf 90' lang='lat' dir='ltr'><strong>ineptias</strong></span> <span class='ocrx_word' id='word_1_26' title='bbox 1119 1015 1332 1111; x_wconf 85' lang='lat' dir='ltr'><strong>perstrinxit,</strong></span> 
     </span>
     <span class='ocr_line' id='line_1_6' title="bbox 356 1138 1332 1239; baseline -0.007 -24"><span class='ocrx_word' id='word_1_27' title='bbox 356 1168 459 1239; x_wconf 89' lang='lat' dir='ltr'><strong>quam</strong></span> <span class='ocrx_word' id='word_1_28' title='bbox 491 1141 587 1212; x_wconf 88' lang='lat' dir='ltr'><strong>Plato</strong></span> <span class='ocrx_word' id='word_1_29' title='bbox 611 1142 647 1210; x_wconf 93' lang='lat' dir='ltr'><strong>in</strong></span> <span class='ocrx_word' id='word_1_30' title='bbox 669 1141 842 1210; x_wconf 79' lang='lat' dir='ltr'><strong>Phaedro</strong></span> <span class='ocrx_word' id='word_1_31' title='bbox 862 1139 963 1230; x_wconf 89' lang='lat' dir='ltr'><strong>fecit,</strong></span> <span class='ocrx_word' id='word_1_32' title='bbox 987 1139 1047 1232; x_wconf 87' lang='lat' dir='ltr'><strong>qui</strong></span> <span class='ocrx_word' id='word_1_33' title='bbox 1069 1138 1224 1231; x_wconf 81' lang='lat' dir='ltr'><strong>dialogus</strong></span> <span class='ocrx_word' id='word_1_34' title='bbox 1250 1162 1332 1232; x_wconf 90' lang='lat' dir='ltr'><strong>pro·</strong></span> 
     </span>
     <span class='ocr_line' id='line_1_7' title="bbox 355 1261 1332 1362; baseline -0.004 -26"><span class='ocrx_word' id='word_1_35' title='bbox 355 1269 430 1362; x_wconf 92' lang='lat' dir='ltr'><strong>prie</strong></span> <span class='ocrx_word' id='word_1_36' title='bbox 450 1263 586 1336; x_wconf 90' lang='lat' dir='ltr'><strong>dicendi</strong></span> <span class='ocrx_word' id='word_1_37' title='bbox 608 1263 848 1357; x_wconf 88' lang='lat' dir='ltr'><strong>scribendique</strong></span> <span class='ocrx_word' id='word_1_38' title='bbox 864 1275 972 1332; x_wconf 89' lang='lat' dir='ltr'><strong>artem</strong></span> <span class='ocrx_word' id='word_1_39' title='bbox 994 1273 1137 1357; x_wconf 88' lang='lat' dir='ltr'><strong>spectat.</strong></span> <span class='ocrx_word' id='word_1_40' title='bbox 1189 1261 1232 1332; x_wconf 89' lang='lat' dir='ltr'><strong>Et</strong></span> <span class='ocrx_word' id='word_1_41' title='bbox 1252 1286 1332 1332; x_wconf 81' lang='lat' dir='ltr'><strong>vero</strong></span> 
     </span>
     <span class='ocr_line' id='line_1_8' title="bbox 356 1381 1330 1479; baseline -0.004 -21"><span class='ocrx_word' id='word_1_42' title='bbox 356 1388 463 1476; x_wconf 91' lang='lat' dir='ltr'><strong>idem,</strong></span> <span class='ocrx_word' id='word_1_43' title='bbox 487 1399 526 1456; x_wconf 92' lang='lat' dir='ltr'><strong>ut</strong></span> <span class='ocrx_word' id='word_1_44' title='bbox 547 1385 752 1456; x_wconf 89' lang='lat' dir='ltr'><strong>dramaticus</strong></span> <span class='ocrx_word' id='word_1_45' title='bbox 775 1385 937 1479; x_wconf 81' lang='lat' dir='ltr'><strong>scriptor,</strong></span> <span class='ocrx_word' id='word_1_46' title='bbox 967 1385 1004 1453; x_wconf 90' lang='lat' dir='ltr'><strong>in</strong></span> <span class='ocrx_word' id='word_1_47' title='bbox 1030 1385 1220 1479; x_wconf 77' lang='lat' dir='ltr'><strong>Symposio</strong></span> <span class='ocrx_word' id='word_1_48' title='bbox 1241 1381 1330 1478; x_wconf 86' lang='lat' dir='ltr'><strong>Aga-</strong></span> 
     </span>
     <span class='ocr_line' id='line_1_9' title="bbox 356 1507 1330 1616; baseline -0.006 -34"><span class='ocrx_word' id='word_1_49' title='bbox 356 1512 497 1583; x_wconf 84' lang='lat' dir='ltr'><strong>thonem</strong></span> <span class='ocrx_word' id='word_1_50' title='bbox 523 1513 661 1605; x_wconf 83' lang='lat' dir='ltr'><strong>po&#39;e&#39;tam</strong></span> <span class='ocrx_word' id='word_1_51' title='bbox 692 1509 740 1579; x_wconf 89' lang='lat' dir='ltr'><strong>sio</strong></span> <span class='ocrx_word' id='word_1_52' title='bbox 769 1507 941 1578; x_wconf 89' lang='lat' dir='ltr'><strong>dicentem</strong></span> <span class='ocrx_word' id='word_1_53' title='bbox 962 1507 1007 1616; x_wconf 78' lang='lat' dir='ltr'><strong>de</strong></span> <span class='ocrx_word' id='word_1_54' title='bbox 1029 1514 1141 1580; x_wconf 87' lang='lat' dir='ltr'><strong>amore</strong></span> <span class='ocrx_word' id='word_1_55' title='bbox 1161 1507 1267 1597; x_wconf 89' lang='lat' dir='ltr'><strong>fecit,</strong></span> <span class='ocrx_word' id='word_1_56' title='bbox 1296 1520 1330 1578; x_wconf 90' lang='lat' dir='ltr'><strong>ut</strong></span> 
     </span>
     <span class='ocr_line' id='line_1_10' title="bbox 306 1633 1330 1730; baseline -0.002 -24"><span class='ocrx_word' id='word_1_57' title='bbox 306 1678 307 1681; x_wconf 61' lang='lat'><em>=</em></span> <span class='ocrx_word' id='word_1_58' title='bbox 356 1637 507 1730; x_wconf 86' lang='lat' dir='ltr'><strong>legentes</strong></span> <span class='ocrx_word' id='word_1_59' title='bbox 540 1660 601 1707; x_wconf 88' lang='lat' dir='ltr'><strong>uos</strong></span> <span class='ocrx_word' id='word_1_60' title='bbox 637 1633 831 1728; x_wconf 85' lang='lat' dir='ltr'><strong>dialogum,</strong></span> <span class='ocrx_word' id='word_1_61' title='bbox 869 1635 1023 1729; x_wconf 76' lang='lat' dir='ltr'><strong>poeticae</strong></span> <span class='ocrx_word' id='word_1_62' title='bbox 1047 1635 1145 1704; x_wconf 90' lang='lat' dir='ltr'><strong>istius</strong></span> <span class='ocrx_word' id='word_1_63' title='bbox 1170 1633 1330 1704; x_wconf 89' lang='lat' dir='ltr'><strong>orationis</strong></span> 
     </span>
     <span class='ocr_line' id='line_1_11' title="bbox 356 1757 1331 1854; baseline -0.009 -18"><span class='ocrx_word' id='word_1_64' title='bbox 356 1759 458 1836; x_wconf 88' lang='lat' dir='ltr'><strong>flores</strong></span> <span class='ocrx_word' id='word_1_65' title='bbox 480 1772 638 1854; x_wconf 86' lang='lat' dir='ltr'><strong>artesque</strong></span> <span class='ocrx_word' id='word_1_66' title='bbox 657 1757 807 1852; x_wconf 91' lang='lat' dir='ltr'><strong>pueriles</strong></span> <span class='ocrx_word' id='word_1_67' title='bbox 829 1757 1012 1828; x_wconf 88' lang='lat' dir='ltr'><strong>rideamus.</strong></span> <span class='ocrx_word' id='word_1_68' title='bbox 1063 1757 1221 1839; x_wconf 84' lang='lat' dir='ltr'><strong>Statuere</strong></span> <span class='ocrx_word' id='word_1_69' title='bbox 1251 1781 1331 1851; x_wconf 90' lang='lat' dir='ltr'><strong>ergo</strong></span> 
     </span>
     <span class='ocr_line' id='line_1_12' title="bbox 357 1879 1333 1974; baseline -0.006 -20"><span class='ocrx_word' id='word_1_70' title='bbox 357 1883 455 1972; x_wconf 87' lang='lat' dir='ltr'><strong>licet,</strong></span> <span class='ocrx_word' id='word_1_71' title='bbox 488 1882 614 1952; x_wconf 86' lang='lat' dir='ltr'><strong>vidisse</strong></span> <span class='ocrx_word' id='word_1_72' title='bbox 633 1881 811 1952; x_wconf 88' lang='lat' dir='ltr'><strong>Platonem</strong></span> <span class='ocrx_word' id='word_1_73' title='bbox 831 1893 943 1970; x_wconf 88' lang='lat' dir='ltr'><strong>recte,</strong></span> <span class='ocrx_word' id='word_1_74' title='bbox 968 1879 1256 1974; x_wconf 91' lang='lat' dir='ltr'><strong>quemadmodum</strong></span> <span class='ocrx_word' id='word_1_75' title='bbox 1277 1879 1333 1948; x_wconf 88' lang='lat' dir='ltr'><strong>di·</strong></span> 
     </span>
     <span class='ocr_line' id='line_1_13' title="bbox 356 1991 1332 2098; baseline -0.004 -22"><span class='ocrx_word' id='word_1_76' title='bbox 356 2003 504 2076; x_wconf 91' lang='lat' dir='ltr'><strong>cendum</strong></span> <span class='ocrx_word' id='word_1_77' title='bbox 548 2002 836 2097; x_wconf 88' lang='lat' dir='ltr'><strong>scribendumque</strong></span> <span class='ocrx_word' id='word_1_78' title='bbox 871 2014 906 2072; x_wconf 89' lang='lat' dir='ltr'><strong>et</strong></span> <span class='ocrx_word' id='word_1_79' title='bbox 939 2027 959 2072; x_wconf 87' lang='lat' dir='ltr'><strong>a</strong></span> <span class='ocrx_word' id='word_1_80' title='bbox 988 1991 1113 2096; x_wconf 91' lang='lat' dir='ltr'><strong>quibus</strong></span> <span class='ocrx_word' id='word_1_81' title='bbox 1148 2003 1332 2098; x_wconf 90' lang='lat' dir='ltr'><strong>praecipue</strong></span> 
     </span>
    </p>
   </div>
   <div class='ocr_carea' id='block_1_3' title="bbox 227 2123 1333 2214">
    <p class='ocr_par' dir='ltr' id='par_1_3' title="bbox 227 2123 1333 2214">
     <span class='ocr_line' id='line_1_14' title="bbox 227 2123 1333 2214; baseline 0.002 -20"><span class='ocrx_word' id='word_1_82' title='bbox 227 2167 228 2172; x_wconf 20' lang='grc' dir='ltr'><strong>κ</strong></span> <span class='ocrx_word' id='word_1_83' title='bbox 356 2127 446 2196; x_wconf 85' lang='lat' dir='ltr'><strong>vitiis</strong></span> <span class='ocrx_word' id='word_1_84' title='bbox 471 2123 713 2194; x_wconf 88' lang='lat' dir='ltr'><strong>abstinendum</strong></span> <span class='ocrx_word' id='word_1_85' title='bbox 737 2135 837 2194; x_wconf 89' lang='lat' dir='ltr'><strong>essct.</strong></span> <span class='ocrx_word' id='word_1_86' title='bbox 880 2125 950 2196; x_wconf 88' lang='lat' dir='ltr'><strong>Neo</strong></span> <span class='ocrx_word' id='word_1_87' title='bbox 974 2135 1107 2214; x_wconf 89' lang='lat' dir='ltr'><strong>tamen,</strong></span> <span class='ocrx_word' id='word_1_88' title='bbox 1133 2126 1267 2197; x_wconf 90' lang='lat' dir='ltr'><strong>etiamsi</strong></span> <span class='ocrx_word' id='word_1_89' title='bbox 1285 2127 1333 2199; x_wconf 87' lang='lat' dir='ltr'><strong>sic</strong></span> 
     </span>
    </p>
   </div>
   <div class='ocr_carea' id='block_1_4' title="bbox 348 2247 1408 4069">
    <p class='ocr_par' dir='ltr' id='par_1_4' title="bbox 348 2247 1408 4069">
     <span class='ocr_line' id='line_1_15' title="bbox 355 2247 1332 2342; baseline -0.001 -25"><span class='ocrx_word' id='word_1_90' title='bbox 355 2259 564 2340; x_wconf 86' lang='lat' dir='ltr'><strong>statuamus,</strong></span> <span class='ocrx_word' id='word_1_91' title='bbox 598 2269 783 2340; x_wconf 82' lang='lat' dir='ltr'><strong>negamus,</strong></span> <span class='ocrx_word' id='word_1_92' title='bbox 818 2247 987 2342; x_wconf 90' lang='lat' dir='ltr'><strong>optimum</strong></span> <span class='ocrx_word' id='word_1_93' title='bbox 1019 2247 1119 2318; x_wconf 91' lang='lat' dir='ltr'><strong>illum</strong></span> <span class='ocrx_word' id='word_1_94' title='bbox 1143 2247 1332 2320; x_wconf 89' lang='lat' dir='ltr'><strong>rhetoricae</strong></span> 
     </span>
     <span class='ocr_line' id='line_1_16' title="bbox 355 2369 1333 2467; baseline 0.001 -27"><span class='ocrx_word' id='word_1_95' title='bbox 355 2371 555 2464; x_wconf 86' lang='lat' dir='ltr'><strong>magistrum</strong></span> <span class='ocrx_word' id='word_1_96' title='bbox 588 2371 668 2440; x_wconf 84' lang='lat' dir='ltr'><strong>vitia</strong></span> <span class='ocrx_word' id='word_1_97' title='bbox 700 2370 866 2460; x_wconf 89' lang='lat' dir='ltr'><strong>subinde,</strong></span> <span class='ocrx_word' id='word_1_98' title='bbox 893 2383 932 2442; x_wconf 92' lang='lat' dir='ltr'><strong>ut</strong></span> <span class='ocrx_word' id='word_1_99' title='bbox 956 2369 1021 2461; x_wconf 86' lang='lat' dir='ltr'><strong>fit,</strong></span> <span class='ocrx_word' id='word_1_100' title='bbox 1046 2373 1255 2444; x_wconf 87' lang='lat' dir='ltr'><strong>commisisse</strong></span> <span class='ocrx_word' id='word_1_101' title='bbox 1279 2373 1333 2467; x_wconf 94' lang='lat' dir='ltr'><strong>ip-</strong></span> 
     </span>
     <span class='ocr_line' id='line_1_17' title="bbox 355 2493 1333 2596; baseline 0 -30"><span class='ocrx_word' id='word_1_102' title='bbox 355 2519 450 2585; x_wconf 90' lang='lat' dir='ltr'><strong>sum,</strong></span> <span class='ocrx_word' id='word_1_103' title='bbox 467 2502 564 2590; x_wconf 73' lang='lat' dir='ltr'><strong>&#39;quae</strong></span> <span class='ocrx_word' id='word_1_104' title='bbox 588 2495 625 2564; x_wconf 90' lang='lat' dir='ltr'><strong>in</strong></span> <span class='ocrx_word' id='word_1_105' title='bbox 649 2494 724 2566; x_wconf 90' lang='lat' dir='ltr'><strong>aliis</strong></span> <span class='ocrx_word' id='word_1_106' title='bbox 749 2493 1026 2590; x_wconf 88' lang='lat' dir='ltr'><strong>reprehenderet.</strong></span> <span class='ocrx_word' id='word_1_107' title='bbox 1062 2495 1101 2565; x_wconf 94' lang='lat' dir='ltr'><strong>ln</strong></span> <span class='ocrx_word' id='word_1_108' title='bbox 1126 2495 1179 2566; x_wconf 92' lang='lat' dir='ltr'><strong>his</strong></span> <span class='ocrx_word' id='word_1_109' title='bbox 1204 2507 1333 2596; x_wconf 75' lang='lat' dir='ltr'><strong>autem,</strong></span> 
     </span>
     <span class='ocr_line' id='line_1_18' title="bbox 353 2593 1336 2712; baseline 0 -24"><span class='ocrx_word' id='word_1_110' title='bbox 353 2618 389 2688; x_wconf 92' lang='lat' dir='ltr'><strong>ni</strong></span> <span class='ocrx_word' id='word_1_111' title='bbox 422 2617 591 2706; x_wconf 86' lang='lat' dir='ltr'><strong>fallimur,</strong></span> <span class='ocrx_word' id='word_1_112' title='bbox 617 2619 840 2711; x_wconf 86' lang='lat' dir='ltr'><strong>praecipuum</strong></span> <span class='ocrx_word' id='word_1_113' title='bbox 865 2617 1038 2712; x_wconf 91' lang='lat' dir='ltr'><strong>quoddam</strong></span> <span class='ocrx_word' id='word_1_114' title='bbox 1061 2593 1257 2692; x_wconf 86' lang='lat' dir='ltr'><strong>habendum</strong></span> <span class='ocrx_word' id='word_1_115' title='bbox 1281 2631 1336 2690; x_wconf 89' lang='lat' dir='ltr'><strong>est</strong></span> 
     </span>
     <span class='ocr_line' id='line_1_19' title="bbox 348 2738 1406 2835; baseline 0 -25"><span class='ocrx_word' id='word_1_116' title='bbox 348 2745 514 2835; x_wconf 70' lang='lat' dir='ltr'><strong>poeticae</strong></span> <span class='ocrx_word' id='word_1_117' title='bbox 544 2738 632 2808; x_wconf 92' lang='lat' dir='ltr'><strong>illud</strong></span> <span class='ocrx_word' id='word_1_118' title='bbox 661 2741 895 2809; x_wconf 77' lang='lat' dir='ltr'><strong>sublimitatis</strong></span> <span class='ocrx_word' id='word_1_119' title='bbox 931 2743 1098 2816; x_wconf 78' lang='lat' dir='ltr'><strong>studium.</strong></span> <span class='ocrx_word' id='word_1_120' title='bbox 1150 2741 1224 2810; x_wconf 87' lang='lat' dir='ltr'><strong>Non</strong></span> <span class='ocrx_word' id='word_1_121' title='bbox 1249 2740 1335 2812; x_wconf 89' lang='lat' dir='ltr'><strong>licet</strong></span> <span class='ocrx_word' id='word_1_122' title='bbox 1405 2819 1406 2822; x_wconf 8' lang='grc' dir='ltr'><strong>Ἴ</strong></span> 
     </span>
     <span class='ocr_line' id='line_1_20' title="bbox 355 2859 1332 2960; baseline 0.004 -28"><span class='ocrx_word' id='word_1_123' title='bbox 355 2859 528 2954; x_wconf 90' lang='lat' dir='ltr'><strong>scriptori,</strong></span> <span class='ocrx_word' id='word_1_124' title='bbox 555 2859 709 2954; x_wconf 86' lang='lat' dir='ltr'><strong>quamvis</strong></span> <span class='ocrx_word' id='word_1_125' title='bbox 734 2859 937 2950; x_wconf 86' lang='lat' dir='ltr'><strong>dramatico,</strong></span> <span class='ocrx_word' id='word_1_126' title='bbox 963 2861 1112 2934; x_wconf 91' lang='lat' dir='ltr'><strong>multum</strong></span> <span class='ocrx_word' id='word_1_127' title='bbox 1133 2887 1238 2958; x_wconf 91' lang='lat' dir='ltr'><strong>supra</strong></span> <span class='ocrx_word' id='word_1_128' title='bbox 1256 2889 1332 2960; x_wconf 79' lang='lat' dir='ltr'><strong>pro</strong></span> 
     </span>
     <span class='ocr_line' id='line_1_21' title="bbox 354 2983 1330 3082; baseline 0.007 -26"><span class='ocrx_word' id='word_1_129' title='bbox 354 3009 426 3056; x_wconf 91' lang='lat' dir='ltr'><strong>sam</strong></span> <span class='ocrx_word' id='word_1_130' title='bbox 451 2983 637 3054; x_wconf 87' lang='lat' dir='ltr'><strong>orationem</strong></span> <span class='ocrx_word' id='word_1_131' title='bbox 662 3007 810 3076; x_wconf 86' lang='lat' dir='ltr'><strong>surgere.</strong></span> <span class='ocrx_word' id='word_1_132' title='bbox 838 2985 883 3054; x_wconf 93' lang='lat' dir='ltr'><strong>Ut</strong></span> <span class='ocrx_word' id='word_1_133' title='bbox 907 2987 1022 3080; x_wconf 70' lang='lat' dir='ltr'><strong>poesi,</strong></span> <span class='ocrx_word' id='word_1_134' title='bbox 1047 2987 1094 3058; x_wconf 92' lang='lat' dir='ltr'><strong>ita</strong></span> <span class='ocrx_word' id='word_1_135' title='bbox 1111 3011 1233 3082; x_wconf 89' lang='lat' dir='ltr'><strong>prosae</strong></span> <span class='ocrx_word' id='word_1_136' title='bbox 1250 3015 1330 3063; x_wconf 86' lang='lat' dir='ltr'><strong>suus</strong></span> 
     </span>
     <span class='ocr_line' id='line_1_22' title="bbox 354 3107 1330 3208; baseline 0.005 -29"><span class='ocrx_word' id='word_1_137' title='bbox 354 3131 465 3179; x_wconf 87' lang='lat' dir='ltr'><strong>sermo</strong></span> <span class='ocrx_word' id='word_1_138' title='bbox 490 3118 554 3196; x_wconf 86' lang='lat' dir='ltr'><strong>est,</strong></span> <span class='ocrx_word' id='word_1_139' title='bbox 580 3129 642 3176; x_wconf 91' lang='lat' dir='ltr'><strong>neo</strong></span> <span class='ocrx_word' id='word_1_140' title='bbox 666 3107 778 3178; x_wconf 91' lang='lat' dir='ltr'><strong>minus</strong></span> <span class='ocrx_word' id='word_1_141' title='bbox 796 3109 995 3204; x_wconf 89' lang='lat' dir='ltr'><strong>scriptorem</strong></span> <span class='ocrx_word' id='word_1_142' title='bbox 1015 3109 1176 3200; x_wconf 86' lang='lat' dir='ltr'><strong>dedecet,</strong></span> <span class='ocrx_word' id='word_1_143' title='bbox 1196 3111 1242 3182; x_wconf 92' lang='lat' dir='ltr'><strong>ad</strong></span> <span class='ocrx_word' id='word_1_144' title='bbox 1253 3117 1330 3208; x_wconf 73' lang='lat' dir='ltr'><strong>poe-</strong></span> 
     </span>
     <span class='ocr_line' id='line_1_23' title="bbox 355 3228 1329 3332; baseline 0.005 -32"><span class='ocrx_word' id='word_1_145' title='bbox 355 3233 457 3302; x_wconf 86' lang='lat' dir='ltr'><strong>ticam</strong></span> <span class='ocrx_word' id='word_1_146' title='bbox 482 3228 665 3300; x_wconf 87' lang='lat' dir='ltr'><strong>escendere</strong></span> <span class='ocrx_word' id='word_1_147' title='bbox 689 3231 893 3319; x_wconf 91' lang='lat' dir='ltr'><strong>orationem,</strong></span> <span class='ocrx_word' id='word_1_148' title='bbox 918 3257 1021 3326; x_wconf 91' lang='lat' dir='ltr'><strong>quam</strong></span> <span class='ocrx_word' id='word_1_149' title='bbox 1038 3238 1192 3328; x_wconf 74' lang='lat' dir='ltr'><strong>poetam,</strong></span> <span class='ocrx_word' id='word_1_150' title='bbox 1210 3235 1256 3305; x_wconf 88' lang='lat' dir='ltr'><strong>ad</strong></span> <span class='ocrx_word' id='word_1_151' title='bbox 1275 3259 1329 3332; x_wconf 91' lang='lat' dir='ltr'><strong>pe-</strong></span> 
     </span>
     <span class='ocr_line' id='line_1_24' title="bbox 354 3351 1330 3452; baseline 0.008 -32"><span class='ocrx_word' id='word_1_152' title='bbox 354 3352 504 3422; x_wconf 90' lang='lat' dir='ltr'><strong>destrem</strong></span> <span class='ocrx_word' id='word_1_153' title='bbox 535 3351 751 3424; x_wconf 87' lang='lat' dir='ltr'><strong>descendere.</strong></span> <span class='ocrx_word' id='word_1_154' title='bbox 811 3353 907 3425; x_wconf 90' lang='lat' dir='ltr'><strong>Plato</strong></span> <span class='ocrx_word' id='word_1_155' title='bbox 938 3367 1070 3426; x_wconf 80' lang='lat' dir='ltr'><strong>autem.</strong></span> <span class='ocrx_word' id='word_1_156' title='bbox 1086 3381 1330 3452; x_wconf 83' lang='lat' dir='ltr'><strong>saepenumero</strong></span> 
     </span>
     <span class='ocr_line' id='line_1_25' title="bbox 355 3475 1408 3577; baseline 0.006 -29"><span class='ocrx_word' id='word_1_157' title='bbox 355 3501 434 3548; x_wconf 87' lang='lat' dir='ltr'><strong>cum</strong></span> <span class='ocrx_word' id='word_1_158' title='bbox 471 3478 506 3546; x_wconf 93' lang='lat' dir='ltr'><strong>in</strong></span> <span class='ocrx_word' id='word_1_159' title='bbox 542 3475 733 3566; x_wconf 78' lang='lat' dir='ltr'><strong>Phaedro,</strong></span> <span class='ocrx_word' id='word_1_160' title='bbox 768 3489 842 3548; x_wconf 89' lang='lat' dir='ltr'><strong>tmn</strong></span> <span class='ocrx_word' id='word_1_161' title='bbox 876 3479 913 3547; x_wconf 90' lang='lat' dir='ltr'><strong>in</strong></span> <span class='ocrx_word' id='word_1_162' title='bbox 946 3478 1019 3550; x_wconf 88' lang='lat' dir='ltr'><strong>aliis</strong></span> <span class='ocrx_word' id='word_1_163' title='bbox 1052 3481 1134 3550; x_wconf 90' lang='lat' dir='ltr'><strong>item</strong></span> <span class='ocrx_word' id='word_1_164' title='bbox 1167 3481 1330 3577; x_wconf 86' lang='lat' dir='ltr'><strong>dialogis,</strong></span> <span class='ocrx_word' id='word_1_165' title='bbox 1407 3527 1408 3530; x_wconf 61' lang='lat'><em>=</em></span> 
     </span>
     <span class='ocr_line' id='line_1_26' title="bbox 355 3597 1331 3699; baseline 0.012 -33"><span class='ocrx_word' id='word_1_166' title='bbox 355 3599 554 3693; x_wconf 90' lang='lat' dir='ltr'><strong>praesertim</strong></span> <span class='ocrx_word' id='word_1_167' title='bbox 579 3599 713 3668; x_wconf 86' lang='lat' dir='ltr'><strong>veroin</strong></span> <span class='ocrx_word' id='word_1_168' title='bbox 732 3597 916 3689; x_wconf 77' lang='lat' dir='ltr'><strong>Phaedro,</strong></span> <span class='ocrx_word' id='word_1_169' title='bbox 939 3626 1047 3696; x_wconf 92' lang='lat' dir='ltr'><strong>quum</strong></span> <span class='ocrx_word' id='word_1_170' title='bbox 1060 3604 1209 3698; x_wconf 82' lang='lat' dir='ltr'><strong>juvenili</strong></span> <span class='ocrx_word' id='word_1_171' title='bbox 1227 3607 1331 3699; x_wconf 81' lang='lat' dir='ltr'><strong>agita-</strong></span> 
     </span>
     <span class='ocr_line' id='line_1_27' title="bbox 355 3721 1332 3824; baseline 0.006 -32"><span class='ocrx_word' id='word_1_172' title='bbox 355 3734 449 3792; x_wconf 88' lang='lat' dir='ltr'><strong>retur</strong></span> <span class='ocrx_word' id='word_1_173' title='bbox 484 3721 625 3812; x_wconf 86' lang='lat' dir='ltr'><strong>ardore,</strong></span> <span class='ocrx_word' id='word_1_174' title='bbox 660 3723 826 3816; x_wconf 87' lang='lat' dir='ltr'><strong>attingere</strong></span> <span class='ocrx_word' id='word_1_175' title='bbox 858 3724 970 3794; x_wconf 87' lang='lat' dir='ltr'><strong>nitens</strong></span> <span class='ocrx_word' id='word_1_176' title='bbox 993 3725 1171 3820; x_wconf 88' lang='lat' dir='ltr'><strong>Sapphus,</strong></span> <span class='ocrx_word' id='word_1_177' title='bbox 1198 3729 1235 3798; x_wconf 92' lang='lat' dir='ltr'><strong>in</strong></span> <span class='ocrx_word' id='word_1_178' title='bbox 1258 3731 1332 3824; x_wconf 92' lang='lat' dir='ltr'><strong>pri-</strong></span> 
     </span>
     <span class='ocr_line' id='line_1_28' title="bbox 355 3844 1333 3946; baseline 0.007 -30"><span class='ocrx_word' id='word_1_179' title='bbox 355 3847 486 3941; x_wconf 93' lang='lat' dir='ltr'><strong>misque</strong></span> <span class='ocrx_word' id='word_1_180' title='bbox 518 3844 725 3936; x_wconf 86' lang='lat' dir='ltr'><strong>Parmenidis</strong></span> <span class='ocrx_word' id='word_1_181' title='bbox 760 3846 991 3944; x_wconf 89' lang='lat' dir='ltr'><strong>similiumque</strong></span> <span class='ocrx_word' id='word_1_182' title='bbox 1023 3848 1333 3946; x_wconf 89' lang='lat' dir='ltr'><strong>philosophorum,</strong></span> 
     </span>
     <span class='ocr_line' id='line_1_29' title="bbox 354 3959 1332 4069; baseline 0.006 -30"><span class='ocrx_word' id='word_1_183' title='bbox 354 3959 415 4063; x_wconf 92' lang='lat' dir='ltr'><strong>qui</strong></span> <span class='ocrx_word' id='word_1_184' title='bbox 439 3967 543 4069; x_wconf 91' lang='lat' dir='ltr'><strong>iidem</strong></span> <span class='ocrx_word' id='word_1_185' title='bbox 568 3971 689 4062; x_wconf 68' lang='lat' dir='ltr'><strong>poetae</strong></span> <span class='ocrx_word' id='word_1_186' title='bbox 712 3967 863 4059; x_wconf 86' lang='lat' dir='ltr'><strong>fuerant,</strong></span> <span class='ocrx_word' id='word_1_187' title='bbox 889 3971 1155 4064; x_wconf 89' lang='lat' dir='ltr'><strong>sublimitatem,</strong></span> <span class='ocrx_word' id='word_1_188' title='bbox 1181 3997 1246 4046; x_wconf 88' lang='lat' dir='ltr'><strong>nec</strong></span> <span class='ocrx_word' id='word_1_189' title='bbox 1272 4000 1332 4045; x_wconf 91' lang='lat' dir='ltr'><strong>as-</strong></span> 
     </span>
    </p>
   </div>
   <div class='ocr_carea' id='block_1_5' title="bbox 0 0 1418 5093">
    <p class='ocr_par' dir='ltr' id='par_1_5' title="bbox 0 0 1418 5093">
     <span class='ocr_line' id='line_1_30' title="bbox 0 0 1418 5093; baseline 0 0"><span class='ocrx_word' id='word_1_190' title='bbox 0 0 1418 5093; x_wconf 95' lang='lat' dir='ltr'><strong> </strong></span> 
     </span>
    </p>
   </div>
  </div>
 </body>
</html>
