2824 5084
479 439 698 512 ...231-

100 634 294 725 treotands,
317 657 382 730 pax
405 633 589 729 aliquando
611 637 700 709 inter
720 639 836 742 omnes
848 639 1067 740 philosophos
1117 667 1119 674 ·

13 857 14 874 ἦ
99 769 264 854 perpetua
277 767 384 828 esset.

146 880 327 953 Criticismi
339 932 349 969 ‚
383 885 487 974 quem
516 879 759 973 intelligimus,
783 881 879 954 eliud
896 887 1069 977 negotium

97 1016 162 1075 est.
211 999 266 1074 Ad
287 1001 740 1097 historiamphilosophiae,
765 1028 834 1076 non
855 1004 901 1074 ad
920 1020 1070 1083 mentem

98 1126 244 1197 hominis
277 1123 519 1220 explorandam
539 1126 700 1219 pertinet.
752 1127 846 1198 Valet
867 1139 980 1200 autem
1006 1153 1070 1220 eo,

98 1260 157 1337 ut,
186 1245 477 1341 quemadmodum
500 1248 616 1318 oritiea
638 1248 764 1343 scripta
786 1261 940 1320 veterum
958 1251 1071 1346 philo·

97 1369 283 1464 sophorum
307 1359 477 1458 illustrat,
498 1369 618 1441 eodem
640 1369 742 1442 modo
758 1372 849 1466 ipsos
858 1373 1071 1468 antiquitatis

98 1489 319 1587 philosophos
335 1491 371 1560 in
391 1491 469 1565 luce
492 1504 607 1584 ponat.
632 1493 702 1564 Neo
721 1493 894 1569 dissimilis
916 1508 982 1585 est,
1003 1521 1072 1591 qua

99 1613 135 1684 id
157 1613 282 1702 efficit,
305 1613 403 1684 ratio.
428 1610 514 1684 Nam
534 1614 663 1707 pariter
681 1616 851 1686 cernendo
862 1619 987 1710 pergit3
1001 1642 1071 1712 quo

98 1736 185 1808 nihil
211 1747 263 1808 est
292 1734 337 1808 ad
363 1757 417 1804 res
448 1733 668 1806 illmtrandas
698 1737 834 1830 aptius:
855 1739 1072 1834 pariterque,

98 1859 193 1954 quod
226 1858 367 1930 historie
393 1857 537 1952 requirit
564 1858 801 1952 potissimum,
827 1881 906 1931 vera
938 1885 957 1929 a
980 1859 1071 1946 falsis

97 1982 270 2053 diseemit.
320 1978 378 2052 Fst
407 1980 498 2052 enim
524 1978 683 2050 historiae
710 1981 912 2074 proprium,
944 1993 984 2052 ut
1020 2005 1073 2052 res
1143 2009 1146 2015 ·

98 2115 213 2198 gestae
244 2127 312 2175 non
341 2105 421 2176 satis
452 2101 524 2172 sere
558 2102 772 2196 temporibus
794 2101 1074 2196 distinguentem

98 2253 168 2324 quo
201 2227 264 2315 fit,
289 2239 352 2313 ut,
381 2251 450 2318 qua
472 2224 599 2294 fuerint
617 2223 834 2314 conditione,
859 2226 913 2296 vix
936 2229 1073 2323 perspi-

98 2350 222 2419 ciatur.
272 2342 413 2414 hocedit
445 2343 684 2417 historicorum
714 2347 837 2416 vitium
861 2347 1072 2439 multorum,

101 2483 166 2560 ut,
188 2492 209 2540 e
230 2469 283 2540 sui
305 2467 467 2562 temporis
487 2469 639 2557 ratione,
656 2469 916 2564 praeteritorum
944 2481 1074 2566 tempo·

100 2617 179 2665 rum
201 2602 317 2686 gentes
343 2611 466 2684 resque
486 2601 596 2682 gestas
618 2601 653 2664 et
675 2591 742 2686 ipsi
748 2589 952 2692 judioeutet
962 2590 1073 2686 legen-

102 2717 196 2786 tibus
219 2711 468 2808 eognosoendas
491 2711 924 2807 judieendesquetradant.
973 2714 1075 2804 Quod

102 2840 138 2908 in
167 2835 402 2933 philosophiae
431 2835 607 2929 inprimis
630 2834 771 2908 historia
794 2837 983 2926 cavendum
1007 2821 1076 2910 est

100 2961 186 3048 Quis
210 2960 301 3030 enim
325 2957 517 3051 intelligere
539 2957 728 3048 Platonem,
749 2959 826 3052 quis
847 2956 1074 3048 Aristotelem,

101 3083 180 3177 quis
208 3083 346 3152 omnino
370 3081 493 3152 veteris
518 3080 591 3150 aevi
614 3079 835 3176 philosophos
855 3093 991 3176 potest,
1015 3084 1075 3176 qui
1175 3119 1178 3132 ·

75 3244 77 3248 ·
102 3204 148 3276 ad
168 3204 326 3294 (lantani,
348 3203 393 3273 ad
415 3203 542 3292 Kantii,
561 3202 605 3272 ad
628 3203 760 3296 Hegelii
782 3205 947 3276 rationem
958 3227 1075 3276 eorum

102 3327 230 3423 placite
250 3325 582 3423 philosophandique
605 3325 806 3398 methodum
828 3324 959 3420 exigit?
994 3327 1075 3398 Cae·

103 3449 214 3522 outiat
239 3471 375 3521 neeesse
409 3462 461 3520 est
492 3450 529 3520 in
547 3447 700 3523 *historie
734 3449 909 3522 tractanda
930 3448 1077 3544 philoso-

105 3571 230 3668 phiae,
265 3589 305 3642 ut
334 3573 385 3642 illi
415 3571 549 3661 solent,
580 3573 642 3668 qui
668 3571 719 3644 ,ad
741 3593 795 3644 res
823 3573 1076 3668 conspiciendas
1107 3553 1110 3562 ¹

106 3694 208 3764 alieni
228 3693 350 3766 eoloris
371 3695 567 3790 perspioillo
586 3706 743 3766 utuntur.
785 3693 834 3766 Ne
857 3719 937 3769 vero
961 3667 1078 3768 itote·

108 3837 435 3912 me1·eagamus‚ne
460 3817 585 3912 placita
609 3818 674 3911 ipsi
699 3831 812 3890 nostra
824 3818 1078 3914 praesentisque
1206 3885 1208 3890 ,

108 3941 180 4009 aevi
200 3943 366 4014 rationem
387 3940 615 4034 inpraeterita
634 3943 817 4036 etantiqua
830 3942 1077 4033 ade'otempora
