2824 5084
493 469 716 541 marr...

114 687 194 760 pare
219 665 409 760 theologiae
434 665 590 738 Erasmus
615 679 649 736 et
671 665 768 756 Beza,
790 665 947 761 Gujacius
961 669 1087 766 aliique

107 787 422 886 jurisprudentiae,
459 801 533 860 tum
567 811 646 860 vero
679 791 762 886 ipsis
798 789 947 884 antiquis
978 790 1085 864 literis

111 911 300 1001 triumviri,
323 911 490 1005 Scaliger,
514 912 735 985 Casaubonus
751 925 785 984 et
804 914 986 985 Salmasius
1005 939 1085 1010 pro-

110 1032 249 1124 fuerint.
299 1033 368 1106 Nec
391 1057 472 1106 vero
496 1036 652 1130 neglecta
677 1061 696 1105 a
721 1037 845 1108 criticis
870 1035 1086 1133 philosophia

109 1168 172 1226 est.
222 1155 432 1246 Exstiterunt
465 1160 641 1254 superiore
667 1161 813 1229 maxime
830 1159 993 1251 saeculo,
1025 1162 1086 1256 qui
1167 1225 1169 1230 .

14 1277 15 1284 '
107 1277 314 1350 Graecorum
337 1279 604 1376 Latinorumque
629 1281 913 1377 philosophorum
936 1283 1083 1379 scripta,

107 1401 241 1471 collatis
263 1401 439 1472 codicibus
462 1415 566 1498 atque
590 1403 795 1474 emendandi
819 1406 1085 1501 interpretandi-

107 1547 176 1618 que
195 1523 373 1618 diligentia
395 1524 565 1616 adhibita,
585 1529 776 1618 restituere,
789 1529 903 1624 quoad
921 1534 996 1624 eJus
1010 1529 1085 1600 fieri

106 1657 260 1742 poterat,
287 1649 323 1716 in
347 1649 520 1740 integrum
552 1631 753 1736 studerent,
781 1648 835 1720 his
870 1663 986 1722 autem
1010 1665 1084 1724 stu-

106 1769 172 1839 diis
195 1769 379 1859 efficerent,
403 1782 458 1860 ut,
480 1771 516 1838 in
528 1772 737 1864 optimorum
749 1795 851 1842 usum
862 1771 1084 1868 philosopho-

105 1918 207 1984 rum,
231 1893 341 1965 lontes
363 1893 415 1962 illi
436 1892 674 1988 philosophiae
697 1892 928 1988 limpidissimi
952 1895 1084 1964 uberri-

105 2017 223 2112 mique
253 2016 477 2112 aperirentur.
528 2015 605 2102 Quo
634 2016 741 2109 magis
774 2015 963 2108 habemus,
989 2017 1084 2112 quod

105 2151 202 2234 grato
220 2160 481 2236 'prosequamur
509 2140 622 2210 animo
654 2138 782 2210 Tiberii
808 2139 1082 2230 Hemsterhusii,

105 2263 262 2350 Ernesti,
283 2261 534 2350 Valckenaerii,
568 2260 785 2352 Ruhnkenii,
810 2263 934 2357 Heynii
945 2315 956 2353 ,
977 2236 1083 2359 Wy'ta

105 2373 302 2470 tenhachii,
343 2379 557 2473 aliorumque
593 2383 812 2470 memoriam,
849 2385 909 2474 qui
941 2367 1083 2478 vestigia

103 2505 257 2597 legentes
293 2514 369 2572 tum
393 2500 700 2572 Alexandrinorum
731 2503 978 2597 interpretum,
1008 2517 1083 2575 tum
1110 2539 1120 2550 ·

102 2627 384 2715 triumvirorum,
407 2649 493 2720 quos
515 2625 682 2715 diximus,
711 2638 949 2720 processerunt
968 2649 1083 2722 porro,

103 2751 239 2845 ipsique
265 2775 306 2820 ex
326 2749 394 2820 illis
415 2749 569 2822 sontibus
590 2749 634 2820 ad
656 2761 748 2821 recte
770 2748 1084 2845 philosophandum

104 2856 303 2945 hauserunt.
330 2873 398 2945 Nec
417 2887 530 2944 tamen
547 2871 604 2944 hle
624 2872 881 2944 subsistendum
903 2874 1000 2945 nobis
1017 2888 1080 2945 est.

102 2996 205 3084 Quod
232 2996 404 3091 praeclare
436 2995 487 3064 illi
523 2995 748 3086 inchoarunt,
783 3008 823 3065 ut
859 2997 995 3067 criticae
1017 3021 1083 3093 ope

102 3119 280 3192 historiam
302 3121 404 3189 etiam
426 3117 663 3214 philosophiae
685 3119 922 3208 illustrarent,
948 3118 984 3188 id
1009 3141 1081 3189 om-

101 3244 200 3314 nium
222 3243 368 3312 maxime
383 3241 604 3337 philosophos
628 3243 787 3338 persequi
812 3241 923 3331 decet,
936 3243 997 3336 qui
1008 3243 1081 3337 qui-

100 3365 185 3433 dem
205 3387 273 3436 non
293 3388 356 3436 suo
378 3365 444 3459 ipsi
467 3366 614 3458 ingenio,
633 3363 707 3454 sed,
732 3361 887 3436 adhibito
898 3365 1000 3434 etiam
1010 3364 1080 3435 his·
1161 3431 1164 3436 .
1251 3371 1259 3386 “

100 3486 211 3558 toriae
232 3487 386 3578 lumine,
409 3488 519 3582 ipsam
541 3485 728 3583 provehere
742 3487 994 3584 philosophiam
1014 3513 1081 3559 cu-

41 3627 45 3636 ·
101 3610 217 3704 piunt.
268 3609 309 3680 Et
330 3633 410 3680 vero
432 3609 491 3700 hi,
513 3635 582 3706 quo
604 3611 778 3682 uberiores
801 3633 842 3682 ex
863 3613 1080 3708 antiquorum

103 3733 239 3828 scriptis
256 3730 538 3830 philosophorum
559 3733 690 3805 fructus
705 3736 854 3830 capiant,
868 3739 1079 3823 criticismo,

103 3879 208 3950 quem
226 3854 459 3952 appellamus,
479 3879 615 3951 operam
635 3869 760 3928 navent
779 3879 915 3929 necesse
932 3855 1078 3926 videtur.

105 3979 162 4049 Sic
185 3979 345 4071 demum,
363 3993 408 4050 ‘nt
433 3979 545 4052 dicere
564 3982 679 4076 coepi,
704 3982 874 4053 eclecticis
892 3981 962 4056 veri
973 3977 1079 4047 nomi-

859 4099 936 4170 15*
