2836 5080
507 459 687 529 ...9,-

120 645 201 746 pict,
235 650 448 722 commendat
480 654 608 725 Socrati
629 652 740 725 filium
761 653 1021 750 Phidippidem,
1044 663 1082 725 ut

119 772 211 844 hunc
232 773 293 844 illa
316 786 392 844 arte.
409 775 539 847 imbuat
561 773 763 872 efficiatque,
787 790 826 847 ut
854 777 1082 872 dicendopos

118 897 162 968 sit
190 919 325 969 omnem
346 899 542 988 orationem,
559 901 781 993 justissimam
802 900 898 990 adeo,
920 912 1079 972 evertere.

118 1019 253 1114 Recipit
285 1019 347 1090 hoc
378 1021 409 1090 ei
437 1021 601 1092 Socrates.
651 1023 738 1094 Tum
767 1022 936 1116 prodeunt
956 1024 994 1092 in
1014 1045 1082 1094 sce·

114 1166 197 1212 nam
218 1147 324 1237 justa
357 1147 473 1214 oratio
506 1155 541 1214 et
562 1149 713 1239 injusta,
734 1167 823 1239 quae
843 1157 1012 1216 certamen
1032 1143 1083 1214 di-

117 1263 225 1336 cendo
257 1267 397 1353 ineunt3
430 1278 549 1362 estque
581 1266 637 1339 hic
670 1267 860 1338 certaminis
887 1267 1021 1356 exitus,
1043 1277 1082 1336 ut

116 1386 234 1458 victrix
255 1387 358 1482 plane
378 1389 503 1483 injusta
516 1391 631 1470 ‚oratio
650 1390 705 1460 sit.
753 1389 809 1462 Sic
829 1388 970 1460 edoctus
982 1394 1082 1484 juve-

118 1509 180 1599 nis,
202 1510 295 1605 quod
317 1535 337 1582 a
358 1511 493 1584 Socrate
514 1513 657 1607 accepit,
678 1515 714 1582 in
735 1511 918 1584 creditores
929 1509 1081 1599 adhibet,

118 1655 240 1728 eosque
261 1633 406 1706 dicem
427 1636 538 1706 usuris
560 1634 749 1706 deiraudat.
786 1635 886 1724 Quod
908 1647 1081 1728 utcogno-

117 1755 166 1825 vit
197 1767 305 1850 pater,
340 1756 486 1828 exsultat
508 1757 669 1828 contiuuo
689 1755 838 1846 laetitia,
859 1779 962 1852 seque
983 1769 1018 1826 et
1039 1755 1082 1826 fi-

115 1879 199 1950 lium
220 1879 451 1951 beatissimum
474 1877 665 1974 praedicat,
685 1879 745 1972 qui
767 1877 831 1948 hac
851 1879 994 1950 Socratis
1011 1877 1082 1950 dis-

116 2001 243 2096 cipliua
263 2001 441 2098 expeditus
460 2023 482 2072 e
501 2001 702 2094 gravissimis
726 2000 953 2096 perieulissit.
984 2000 1082 2071 Dein·

115 2122 158 2192 dc
179 2147 258 2194 vero
280 2125 352 2218 ipsc
373 2121 517 2194 nefariae
536 2122 1082 2218 discipliuaevimexpertus,tan·

114 2257 190 2316 tum
209 2256 401 2316 exsecratur
420 2245 603 2344 Socratem,
624 2257 791 2340 quantum
806 2232 1082 2320 modceumlau·

113 2367 217 2440 dibus
249 2367 486 2438 celebraverat.
535 2368 619 2438 Nam
650 2366 870 2462 Phidippides
902 2391 965 2440 nec
993 2367 1082 2438 Deos

111 2491 255 2578 veritus,
289 2511 353 2558 uec
385 2487 492 2557 ullam
523 2485 652 2558 habens
669 2489 825 2580 justitiae
843 2491 1018 2578 rationem,
1039 2511 1083 2560 eo

111 2621 314 2707 pervenerat
335 2610 575 2698 contumaciae,
598 2621 637 2680 ut
658 2621 694 2678 et
715 2609 844 2680 bonum
864 2621 996 2704 patrem
1006 2633 1080 2680 ver·

113 2731 254 2804 bembus
286 2731 454 2828 caederet,
487 2754 552 2802 nec
572 2731 671 2800 matri
693 2743 857 2826 parceret.
880 2731 957 2820 Qua
976 2732 1082 2804 iratus

114 2853 323 2950 Strepsiades
356 2855 392 2926 iu
418 2854 511 2926 exitu
540 2851 674 2924 fabulae
696 2863 807 2924 totum
829 2853 917 2922 illud
937 2854 1084 2926 Socratis

115 2973 348 3073 φροντνςῆρινν,
370 3001 437 3049 una
458 3000 537 3048 cum
558 2979 632 3070 ejus
653 2988 806 3066 auctore,
825 2973 1078 3048 flammisdele-

112 3123 152 3170 re
183 3101 323 3172 nititm:
346 3097 399 3170 his
425 3099 535 3170 verbis
557 3099 593 3168 in
614 3099 727 3194 ipsum
748 3112 783 3172 et
805 3099 950 3170 amicum
972 3098 1079 3170 Chae-

106 3221 316 3318 rephoutem
335 3223 505 3294 invectus:

189 3347 235 3418 Τι’
253 3347 321 3444 γλνρ
345 3342 480 3440 μαθόντ’
504 3345 548 3424 εἰς
571 3344 649 3424 τοὺς
673 3343 776 3426 Θενῦς
801 3341 967 3440 ὑβρίζετνν

189 3468 252 3540 Καὶ
275 3471 331 3556 τῆς
354 3464 487 3556 Σελήνης
510 3463 719 3543 annaurim
743 3467 798 3556 τὴν
822 3463 942 3562 ‘stipam

180 3589 309 3680 Naue,
333 3587 465 3682 βάλλε,
488 3592 590 3680 acie,
613 3592 742 3663 πολλῶν
766 3585 901 3679 οὕνεκα,

186 3709 328 3798 Μάλνςνι
352 3709 385 3787 δ’
411 3709 522 3802 εἰδὼς,
546 3713 622 3798 τοὺς
647 3711 751 3790 Θενὺς
774 3712 814 3790 ὡς
838 3707 964 3798 itinera
987 3709 1000 3806 (
1025 3709 1047 3802 ).

149 3935 188 4006 (*J
205 3939 276 3990 Arist·
294 3936 356 3988 ltah.
374 3951 407 3984 vs.
427 3935 500 3984 ttae.

534 4037 670 4063 *-
