<?xml version="1.0" encoding="UTF-8"?>
<!DOCTYPE html PUBLIC "-//W3C//DTD XHTML 1.0 Transitional//EN"
    "http://www.w3.org/TR/xhtml1/DTD/xhtml1-transitional.dtd">
<html xmlns="http://www.w3.org/1999/xhtml" xml:lang="en" lang="en">
 <head>
  <title>
</title>
<meta http-equiv="Content-Type" content="text/html;charset=utf-8" />
  <meta name='ocr-system' content='tesseract 3.04.00' />
  <meta name='ocr-capabilities' content='ocr_page ocr_carea ocr_par ocr_line ocrx_word'/>
</head>
<body>
  <div class='ocr_page' id='page_1' title='image "./characterismipr00heusgoog_0171.png"; bbox 0 0 2828 5098; ppageno 0'>
   <div class='ocr_carea' id='block_1_1' title="bbox 702 426 923 553">
    <p class='ocr_par' dir='ltr' id='par_1_1' title="bbox 702 426 923 553">
     <span class='ocr_line' id='line_1_1' title="bbox 702 426 923 553; baseline -0.014 -38"><span class='ocrx_word' id='word_1_1' title='bbox 702 426 923 553; x_wconf 44' lang='lat' dir='ltr'><strong>-rs‘af-</strong></span> 
     </span>
    </p>
   </div>
   <div class='ocr_carea' id='block_1_2' title="bbox 328 637 1309 734">
    <p class='ocr_par' dir='ltr' id='par_1_2' title="bbox 328 637 1309 734">
     <span class='ocr_line' id='line_1_2' title="bbox 328 637 1309 734; baseline -0.004 -22"><span class='ocrx_word' id='word_1_2' title='bbox 328 641 447 713; x_wconf 89' lang='lat' dir='ltr'><strong>toteles</strong></span> <span class='ocrx_word' id='word_1_3' title='bbox 471 665 525 711; x_wconf 91' lang='lat' dir='ltr'><strong>eas</strong></span> <span class='ocrx_word' id='word_1_4' title='bbox 548 640 706 729; x_wconf 86' lang='lat' dir='ltr'><strong>demum,</strong></span> <span class='ocrx_word' id='word_1_5' title='bbox 739 662 801 734; x_wconf 91' lang='lat' dir='ltr'><strong>pro</strong></span> <span class='ocrx_word' id='word_1_6' title='bbox 823 637 986 732; x_wconf 83' lang='lat' dir='ltr'><strong>singulari</strong></span> <span class='ocrx_word' id='word_1_7' title='bbox 1009 637 1088 727; x_wconf 89' lang='lat' dir='ltr'><strong>illa,</strong></span> <span class='ocrx_word' id='word_1_8' title='bbox 1117 661 1187 732; x_wconf 91' lang='lat' dir='ltr'><strong>qua</strong></span> <span class='ocrx_word' id='word_1_9' title='bbox 1209 637 1309 708; x_wconf 87' lang='lat' dir='ltr'><strong>rale-</strong></span> 
     </span>
    </p>
   </div>
   <div class='ocr_carea' id='block_1_3' title="bbox 269 761 1398 1358">
    <p class='ocr_par' dir='ltr' id='par_1_3' title="bbox 269 761 1399 1358">
     <span class='ocr_line' id='line_1_3' title="bbox 329 761 1398 868; baseline -0.004 -32"><span class='ocrx_word' id='word_1_10' title='bbox 329 765 409 855; x_wconf 89' lang='lat' dir='ltr'><strong>hat,</strong></span> <span class='ocrx_word' id='word_1_11' title='bbox 443 763 601 836; x_wconf 87' lang='lat' dir='ltr'><strong>cernendi</strong></span> <span class='ocrx_word' id='word_1_12' title='bbox 632 761 868 858; x_wconf 87' lang='lat' dir='ltr'><strong>jungendique</strong></span> <span class='ocrx_word' id='word_1_13' title='bbox 898 761 1086 851; x_wconf 81' lang='lat' dir='ltr'><strong>facultate,</strong></span> <span class='ocrx_word' id='word_1_14' title='bbox 1118 762 1154 830; x_wconf 92' lang='lat' dir='ltr'><strong>in</strong></span> <span class='ocrx_word' id='word_1_15' title='bbox 1187 785 1308 854; x_wconf 87' lang='lat' dir='ltr'><strong>genera</strong></span> <span class='ocrx_word' id='word_1_16' title='bbox 1397 844 1398 868; x_wconf 46' lang='lat'><strong>,</strong></span> 
     </span>
     <span class='ocr_line' id='line_1_4' title="bbox 329 884 1398 982; baseline -0.002 -26"><span class='ocrx_word' id='word_1_17' title='bbox 329 901 364 956; x_wconf 90' lang='lat' dir='ltr'><strong>ct</strong></span> <span class='ocrx_word' id='word_1_18' title='bbox 399 889 526 982; x_wconf 88' lang='lat' dir='ltr'><strong>species</strong></span> <span class='ocrx_word' id='word_1_19' title='bbox 557 887 748 958; x_wconf 71' lang='lat' dir='ltr'><strong>distribuit.</strong></span> <span class='ocrx_word' id='word_1_20' title='bbox 808 887 883 974; x_wconf 85' lang='lat' dir='ltr'><strong>Quo</strong></span> <span class='ocrx_word' id='word_1_21' title='bbox 916 884 1045 956; x_wconf 88' lang='lat' dir='ltr'><strong>factum</strong></span> <span class='ocrx_word' id='word_1_22' title='bbox 1068 885 1193 955; x_wconf 90' lang='lat' dir='ltr'><strong>deinde</strong></span> <span class='ocrx_word' id='word_1_23' title='bbox 1217 887 1306 955; x_wconf 92' lang='lat' dir='ltr'><strong>omni</strong></span> <span class='ocrx_word' id='word_1_24' title='bbox 1395 885 1398 953; x_wconf 84' lang='lat' dir='ltr'><strong>l</strong></span> 
     </span>
     <span class='ocr_line' id='line_1_5' title="bbox 330 1007 1398 1100; baseline -0.002 -22"><span class='ocrx_word' id='word_1_25' title='bbox 330 1033 410 1080; x_wconf 85' lang='lat' dir='ltr'><strong>aevo</strong></span> <span class='ocrx_word' id='word_1_26' title='bbox 437 1023 507 1099; x_wconf 91' lang='lat' dir='ltr'><strong>est,</strong></span> <span class='ocrx_word' id='word_1_27' title='bbox 544 1022 583 1080; x_wconf 91' lang='lat' dir='ltr'><strong>nt</strong></span> <span class='ocrx_word' id='word_1_28' title='bbox 606 1021 832 1080; x_wconf 81' lang='lat' dir='ltr'>tractarentur</span> <span class='ocrx_word' id='word_1_29' title='bbox 853 1007 1052 1100; x_wconf 81' lang='lat' dir='ltr'><strong>singulatim</strong></span> <span class='ocrx_word' id='word_1_30' title='bbox 1075 1032 1154 1082; x_wconf 86' lang='lat' dir='ltr'><strong>eum</strong></span> <span class='ocrx_word' id='word_1_31' title='bbox 1179 1007 1307 1079; x_wconf 88' lang='lat' dir='ltr'><strong>doetri-</strong></span> <span class='ocrx_word' id='word_1_32' title='bbox 1394 1076 1398 1091; x_wconf 82' lang='grc'>,</span> 
     </span>
     <span class='ocr_line' id='line_1_6' title="bbox 330 1108 1398 1228; baseline -0.004 -24"><span class='ocrx_word' id='word_1_33' title='bbox 330 1157 393 1204; x_wconf 86' lang='lat' dir='ltr'><strong>nae</strong></span> <span class='ocrx_word' id='word_1_34' title='bbox 425 1156 580 1228; x_wconf 89' lang='lat' dir='ltr'><strong>quaeque</strong></span> <span class='ocrx_word' id='word_1_35' title='bbox 611 1133 796 1220; x_wconf 88' lang='lat' dir='ltr'><strong>maximae,</strong></span> <span class='ocrx_word' id='word_1_36' title='bbox 819 1130 1001 1226; x_wconf 78' lang='lat' dir='ltr'><strong>physicae,</strong></span> <span class='ocrx_word' id='word_1_37' title='bbox 1030 1129 1212 1225; x_wconf 88' lang='lat' dir='ltr'><strong>politicae,</strong></span> <span class='ocrx_word' id='word_1_38' title='bbox 1236 1154 1307 1201; x_wconf 88' lang='lat' dir='ltr'><strong>mo·</strong></span> <span class='ocrx_word' id='word_1_39' title='bbox 1395 1108 1398 1121; x_wconf 51' lang='lat'><strong>¹</strong></span> 
     </span>
     <span class='ocr_line' id='line_1_7' title="bbox 269 1253 1308 1358; baseline -0.003 -32"><span class='ocrx_word' id='word_1_40' title='bbox 269 1345 274 1358; x_wconf 25' lang='lat'><strong><em>⁵</em></strong></span> <span class='ocrx_word' id='word_1_41' title='bbox 330 1257 430 1346; x_wconf 86' lang='lat' dir='ltr'><strong>rales,</strong></span> <span class='ocrx_word' id='word_1_42' title='bbox 454 1269 529 1330; x_wconf 90' lang='lat' dir='ltr'><strong>tum</strong></span> <span class='ocrx_word' id='word_1_43' title='bbox 551 1267 664 1349; x_wconf 87' lang='lat' dir='ltr'><strong>partes</strong></span> <span class='ocrx_word' id='word_1_44' title='bbox 688 1277 817 1342; x_wconf 88' lang='lat' dir='ltr'><strong>earum,</strong></span> <span class='ocrx_word' id='word_1_45' title='bbox 839 1277 946 1348; x_wconf 88' lang='lat' dir='ltr'><strong>quae,</strong></span> <span class='ocrx_word' id='word_1_46' title='bbox 972 1253 1024 1324; x_wconf 92' lang='lat' dir='ltr'><strong>uti</strong></span> <span class='ocrx_word' id='word_1_47' title='bbox 1046 1266 1124 1348; x_wconf 86' lang='lat' dir='ltr'><strong>post</strong></span> <span class='ocrx_word' id='word_1_48' title='bbox 1148 1277 1229 1323; x_wconf 91' lang='lat' dir='ltr'><strong>eum</strong></span> <span class='ocrx_word' id='word_1_49' title='bbox 1250 1278 1308 1323; x_wconf 79' lang='lat' dir='ltr'><strong>nu</strong></span> 
     </span>
    </p>
   </div>
   <div class='ocr_carea' id='block_1_4' title="bbox 229 1375 1309 1573">
    <p class='ocr_par' dir='ltr' id='par_1_4' title="bbox 229 1375 1309 1573">
     <span class='ocr_line' id='line_1_8' title="bbox 331 1375 1307 1470; baseline -0.006 -20"><span class='ocrx_word' id='word_1_50' title='bbox 331 1403 423 1450; x_wconf 91' lang='lat' dir='ltr'><strong>mero</strong></span> <span class='ocrx_word' id='word_1_51' title='bbox 456 1376 643 1448; x_wconf 78' lang='lat' dir='ltr'><strong>identidem</strong></span> <span class='ocrx_word' id='word_1_52' title='bbox 677 1377 913 1466; x_wconf 82' lang='lat' dir='ltr'><strong>increverunt,</strong></span> <span class='ocrx_word' id='word_1_53' title='bbox 951 1377 998 1446; x_wconf 87' lang='lat' dir='ltr'><strong>ita</strong></span> <span class='ocrx_word' id='word_1_54' title='bbox 1031 1375 1133 1446; x_wconf 92' lang='lat' dir='ltr'><strong>hodie</strong></span> <span class='ocrx_word' id='word_1_55' title='bbox 1166 1375 1307 1470; x_wconf 88' lang='lat' dir='ltr'><strong>quidem</strong></span> 
     </span>
     <span class='ocr_line' id='line_1_9' title="bbox 229 1474 1309 1573; baseline -0.001 0"><span class='ocrx_word' id='word_1_56' title='bbox 229 1474 234 1488; x_wconf 43' lang='lat'>⁸</span> <span class='ocrx_word' id='word_1_57' title='bbox 331 1495 367 1573; x_wconf 85' lang='lat' dir='ltr'><strong>et</strong></span> <span class='ocrx_word' id='word_1_58' title='bbox 400 1523 541 1572; x_wconf 90' lang='lat' dir='ltr'><strong>numero</strong></span> <span class='ocrx_word' id='word_1_59' title='bbox 561 1511 596 1570; x_wconf 89' lang='lat' dir='ltr'><strong>et</strong></span> <span class='ocrx_word' id='word_1_60' title='bbox 617 1501 778 1570; x_wconf 88' lang='lat' dir='ltr'><strong>varietate</strong></span> <span class='ocrx_word' id='word_1_61' title='bbox 800 1499 906 1570; x_wconf 83' lang='lat' dir='ltr'><strong>ferme</strong></span> <span class='ocrx_word' id='word_1_62' title='bbox 928 1512 1007 1570; x_wconf 91' lang='lat' dir='ltr'><strong>sunt</strong></span> <span class='ocrx_word' id='word_1_63' title='bbox 1028 1499 1194 1570; x_wconf 89' lang='lat' dir='ltr'><strong>infinitae.</strong></span> <span class='ocrx_word' id='word_1_64' title='bbox 1242 1501 1309 1572; x_wconf 85' lang='lat' dir='ltr'><strong>Neo</strong></span> 
     </span>
    </p>
   </div>
   <div class='ocr_carea' id='block_1_5' title="bbox 333 1613 1399 1840">
    <p class='ocr_par' dir='ltr' id='par_1_5' title="bbox 333 1613 1399 1840">
     <span class='ocr_line' id='line_1_10' title="bbox 333 1613 1309 1716; baseline -0.003 -22"><span class='ocrx_word' id='word_1_65' title='bbox 333 1647 412 1694; x_wconf 81' lang='lat' dir='ltr'><strong>vero</strong></span> <span class='ocrx_word' id='word_1_66' title='bbox 433 1621 491 1694; x_wconf 83' lang='lat' dir='ltr'><strong>htc</strong></span> <span class='ocrx_word' id='word_1_67' title='bbox 512 1613 872 1693; x_wconf 66' lang='lat' dir='ltr'><strong>substitit&#39;hristotelis</strong></span> <span class='ocrx_word' id='word_1_68' title='bbox 896 1622 1051 1692; x_wconf 88' lang='lat' dir='ltr'><strong>studium</strong></span> <span class='ocrx_word' id='word_1_69' title='bbox 1071 1634 1174 1716; x_wconf 87' lang='lat' dir='ltr'><strong>atque</strong></span> <span class='ocrx_word' id='word_1_70' title='bbox 1196 1621 1309 1692; x_wconf 91' lang='lat' dir='ltr'><strong>indus·</strong></span> 
     </span>
     <span class='ocr_line' id='line_1_11' title="bbox 333 1741 1399 1840; baseline -0.005 -23"><span class='ocrx_word' id='word_1_71' title='bbox 333 1747 408 1818; x_wconf 86' lang='lat' dir='ltr'><strong>tria.</strong></span> <span class='ocrx_word' id='word_1_72' title='bbox 458 1745 554 1816; x_wconf 88' lang='lat' dir='ltr'><strong>Idem</strong></span> <span class='ocrx_word' id='word_1_73' title='bbox 578 1745 684 1816; x_wconf 86' lang='lat' dir='ltr'><strong>cuivis</strong></span> <span class='ocrx_word' id='word_1_74' title='bbox 707 1741 935 1840; x_wconf 82' lang='lat' dir='ltr'><strong>praescribere</strong></span> <span class='ocrx_word' id='word_1_75' title='bbox 958 1744 1132 1816; x_wconf 87' lang='lat' dir='ltr'><strong>doctrinae</strong></span> <span class='ocrx_word' id='word_1_76' title='bbox 1154 1744 1309 1832; x_wconf 86' lang='lat' dir='ltr'><strong>studuit,</strong></span> <span class='ocrx_word' id='word_1_77' title='bbox 1398 1789 1399 1804; x_wconf 59' lang='lat'><strong>.</strong></span> 
     </span>
    </p>
   </div>
   <div class='ocr_carea' id='block_1_6' title="bbox 334 1846 1313 2207">
    <p class='ocr_par' dir='ltr' id='par_1_6' title="bbox 334 1846 1313 2207">
     <span class='ocr_line' id='line_1_12' title="bbox 334 1846 1310 1966; baseline -0.004 -24"><span class='ocrx_word' id='word_1_78' title='bbox 334 1896 401 1966; x_wconf 88' lang='lat' dir='ltr'><strong>qua</strong></span> <span class='ocrx_word' id='word_1_79' title='bbox 423 1871 554 1941; x_wconf 91' lang='lat' dir='ltr'><strong>ratione</strong></span> <span class='ocrx_word' id='word_1_80' title='bbox 575 1871 721 1964; x_wconf 91' lang='lat' dir='ltr'><strong>optime,</strong></span> <span class='ocrx_word' id='word_1_81' title='bbox 746 1893 815 1964; x_wconf 87' lang='lat' dir='ltr'><strong>qua</strong></span> <span class='ocrx_word' id='word_1_82' title='bbox 837 1867 998 1940; x_wconf 85' lang='lat' dir='ltr'><strong>methodo</strong></span> <span class='ocrx_word' id='word_1_83' title='bbox 1016 1846 1198 1940; x_wconf 86' lang='lat' dir='ltr'><strong>tractanda</strong></span> <span class='ocrx_word' id='word_1_84' title='bbox 1220 1868 1310 1938; x_wconf 86' lang='lat' dir='ltr'><strong>ride-</strong></span> 
     </span>
     <span class='ocr_line' id='line_1_13' title="bbox 335 1991 1313 2084; baseline -0.002 -20"><span class='ocrx_word' id='word_1_85' title='bbox 335 2005 441 2064; x_wconf 83' lang='lat' dir='ltr'><strong>retur.</strong></span> <span class='ocrx_word' id='word_1_86' title='bbox 466 2013 470 2018; x_wconf 81' lang='lat'><em>·</em></span> <span class='ocrx_word' id='word_1_87' title='bbox 493 1993 633 2062; x_wconf 85' lang='lat' dir='ltr'><strong>Temere</strong></span> <span class='ocrx_word' id='word_1_88' title='bbox 662 1992 698 2062; x_wconf 95' lang='lat' dir='ltr'><strong>id</strong></span> <span class='ocrx_word' id='word_1_89' title='bbox 721 1991 824 2084; x_wconf 82' lang='lat' dir='ltr'><strong>vulgo</strong></span> <span class='ocrx_word' id='word_1_90' title='bbox 846 1993 980 2062; x_wconf 90' lang='lat' dir='ltr'><strong>institui</strong></span> <span class='ocrx_word' id='word_1_91' title='bbox 1001 1991 1153 2081; x_wconf 80' lang='lat' dir='ltr'><strong>solebat,</strong></span> <span class='ocrx_word' id='word_1_92' title='bbox 1176 2005 1215 2060; x_wconf 92' lang='lat' dir='ltr'><strong>ut</strong></span> <span class='ocrx_word' id='word_1_93' title='bbox 1236 2004 1313 2062; x_wconf 87' lang='lat' dir='ltr'><strong>stu-</strong></span> 
     </span>
     <span class='ocr_line' id='line_1_14' title="bbox 336 2113 1313 2207; baseline 0 -23"><span class='ocrx_word' id='word_1_94' title='bbox 336 2115 394 2185; x_wconf 92' lang='lat' dir='ltr'><strong>dio</strong></span> <span class='ocrx_word' id='word_1_95' title='bbox 416 2127 451 2184; x_wconf 90' lang='lat' dir='ltr'><strong>et</strong></span> <span class='ocrx_word' id='word_1_96' title='bbox 470 2113 589 2184; x_wconf 83' lang='lat' dir='ltr'><strong>ardore</strong></span> <span class='ocrx_word' id='word_1_97' title='bbox 611 2115 841 2207; x_wconf 86' lang='lat' dir='ltr'><strong>inquireretur</strong></span> <span class='ocrx_word' id='word_1_98' title='bbox 862 2113 898 2182; x_wconf 91' lang='lat' dir='ltr'><strong>in</strong></span> <span class='ocrx_word' id='word_1_99' title='bbox 918 2115 1053 2204; x_wconf 87' lang='lat' dir='ltr'><strong>omnia,</strong></span> <span class='ocrx_word' id='word_1_100' title='bbox 1080 2114 1213 2185; x_wconf 87' lang='lat' dir='ltr'><strong>deesset</strong></span> <span class='ocrx_word' id='word_1_101' title='bbox 1234 2138 1313 2184; x_wconf 85' lang='lat' dir='ltr'><strong>vero</strong></span> 
     </span>
    </p>
   </div>
   <div class='ocr_carea' id='block_1_7' title="bbox 219 2235 1398 2580">
    <p class='ocr_par' dir='ltr' id='par_1_7' title="bbox 219 2235 1398 2580">
     <span class='ocr_line' id='line_1_15' title="bbox 337 2235 1398 2332; baseline -0.002 -24"><span class='ocrx_word' id='word_1_102' title='bbox 337 2237 533 2330; x_wconf 88' lang='lat' dir='ltr'><strong>diligentia,</strong></span> <span class='ocrx_word' id='word_1_103' title='bbox 556 2235 757 2308; x_wconf 83' lang='lat' dir='ltr'><strong>observandi</strong></span> <span class='ocrx_word' id='word_1_104' title='bbox 777 2235 970 2327; x_wconf 81' lang='lat' dir='ltr'><strong>assiduitas,</strong></span> <span class='ocrx_word' id='word_1_105' title='bbox 993 2236 1119 2318; x_wconf 85' lang='lat' dir='ltr'><strong>laboris</strong></span> <span class='ocrx_word' id='word_1_106' title='bbox 1136 2239 1313 2332; x_wconf 87' lang='lat' dir='ltr'><strong>patientia.</strong></span> <span class='ocrx_word' id='word_1_107' title='bbox 1397 2257 1398 2260; x_wconf 71' lang='grc'>’</span> 
     </span>
     <span class='ocr_line' id='line_1_16' title="bbox 285 2359 1398 2455; baseline 0 -25"><span class='ocrx_word' id='word_1_108' title='bbox 285 2378 287 2384; x_wconf 92' lang='grc'><em>·</em></span> <span class='ocrx_word' id='word_1_109' title='bbox 338 2359 467 2449; x_wconf 84' lang='lat' dir='ltr'><strong>Quodsi</strong></span> <span class='ocrx_word' id='word_1_110' title='bbox 488 2360 601 2453; x_wconf 88' lang='lat' dir='ltr'><strong>magni</strong></span> <span class='ocrx_word' id='word_1_111' title='bbox 626 2360 773 2432; x_wconf 87' lang='lat' dir='ltr'><strong>subinde</strong></span> <span class='ocrx_word' id='word_1_112' title='bbox 794 2360 858 2432; x_wconf 86' lang='lat' dir='ltr'><strong>viri</strong></span> <span class='ocrx_word' id='word_1_113' title='bbox 881 2361 1096 2449; x_wconf 74' lang='lat' dir='ltr'><strong>exstiterant,</strong></span> <span class='ocrx_word' id='word_1_114' title='bbox 1119 2362 1179 2455; x_wconf 88' lang='lat' dir='ltr'><strong>qui</strong></span> <span class='ocrx_word' id='word_1_115' title='bbox 1201 2361 1314 2430; x_wconf 79' lang='lat' dir='ltr'><strong>divina</strong></span> <span class='ocrx_word' id='word_1_116' title='bbox 1397 2365 1398 2372; x_wconf 77' lang='grc'>’</span> 
     </span>
     <span class='ocr_line' id='line_1_17' title="bbox 219 2469 1398 2580; baseline -0.001 -24"><span class='ocrx_word' id='word_1_117' title='bbox 219 2529 224 2534; x_wconf 90' lang='lat'>·</span> <span class='ocrx_word' id='word_1_118' title='bbox 339 2485 466 2580; x_wconf 86' lang='lat' dir='ltr'><strong>ingenii</strong></span> <span class='ocrx_word' id='word_1_119' title='bbox 506 2483 669 2558; x_wconf 86' lang='lat' dir='ltr'><strong>facultate</strong></span> <span class='ocrx_word' id='word_1_120' title='bbox 708 2496 986 2580; x_wconf 86' lang='lat' dir='ltr'><strong>compensarent,</strong></span> <span class='ocrx_word' id='word_1_121' title='bbox 1028 2483 1122 2578; x_wconf 91' lang='lat' dir='ltr'><strong>quod</strong></span> <span class='ocrx_word' id='word_1_122' title='bbox 1162 2486 1316 2580; x_wconf 89' lang='lat' dir='ltr'><strong>ipsorum</strong></span> <span class='ocrx_word' id='word_1_123' title='bbox 1397 2469 1398 2472; x_wconf 22' lang='lat'>¹</span> 
     </span>
    </p>
   </div>
   <div class='ocr_carea' id='block_1_8' title="bbox 338 2603 1321 2826">
    <p class='ocr_par' dir='ltr' id='par_1_8' title="bbox 338 2603 1321 2826">
     <span class='ocr_line' id='line_1_18' title="bbox 338 2603 1321 2703; baseline -0.001 -24"><span class='ocrx_word' id='word_1_124' title='bbox 338 2609 403 2680; x_wconf 85' lang='lat' dir='ltr'><strong>arti</strong></span> <span class='ocrx_word' id='word_1_125' title='bbox 425 2608 578 2703; x_wconf 83' lang='lat' dir='ltr'><strong>deesset,</strong></span> <span class='ocrx_word' id='word_1_126' title='bbox 601 2607 784 2701; x_wconf 88' lang='lat' dir='ltr'><strong>inquibus</strong></span> <span class='ocrx_word' id='word_1_127' title='bbox 806 2605 965 2676; x_wconf 86' lang='lat' dir='ltr'><strong>censendi</strong></span> <span class='ocrx_word' id='word_1_128' title='bbox 987 2619 1069 2676; x_wconf 90' lang='lat' dir='ltr'><strong>sunt</strong></span> <span class='ocrx_word' id='word_1_129' title='bbox 1088 2603 1321 2696; x_wconf 76' lang='lat' dir='ltr'><strong>Democritus,</strong></span> 
     </span>
     <span class='ocr_line' id='line_1_19' title="bbox 338 2729 1319 2826; baseline -0.01 -24"><span class='ocrx_word' id='word_1_130' title='bbox 338 2731 530 2802; x_wconf 86' lang='lat' dir='ltr'><strong>Heraclitus</strong></span> <span class='ocrx_word' id='word_1_131' title='bbox 565 2730 761 2823; x_wconf 87' lang='lat' dir='ltr'><strong>similesque</strong></span> <span class='ocrx_word' id='word_1_132' title='bbox 789 2729 939 2824; x_wconf 87' lang='lat' dir='ltr'><strong>physici,</strong></span> <span class='ocrx_word' id='word_1_133' title='bbox 963 2741 1038 2799; x_wconf 92' lang='lat' dir='ltr'><strong>tum</strong></span> <span class='ocrx_word' id='word_1_134' title='bbox 1067 2753 1182 2826; x_wconf 82' lang='lat' dir='ltr'><strong>parens</strong></span> <span class='ocrx_word' id='word_1_135' title='bbox 1202 2730 1319 2802; x_wconf 85' lang='lat' dir='ltr'><strong>medi.</strong></span> 
     </span>
    </p>
   </div>
   <div class='ocr_carea' id='block_1_9' title="bbox 336 2850 1399 2947">
    <p class='ocr_par' dir='ltr' id='par_1_9' title="bbox 336 2850 1399 2947">
     <span class='ocr_line' id='line_1_20' title="bbox 336 2850 1399 2947; baseline 0.004 -27"><span class='ocrx_word' id='word_1_136' title='bbox 336 2853 450 2941; x_wconf 83' lang='lat' dir='ltr'><strong>cinae,</strong></span> <span class='ocrx_word' id='word_1_137' title='bbox 476 2851 716 2947; x_wconf 84' lang='lat' dir='ltr'><strong>Hippocrates:</strong></span> <span class='ocrx_word' id='word_1_138' title='bbox 747 2863 889 2934; x_wconf 86' lang='lat' dir='ltr'><strong>naturae</strong></span> <span class='ocrx_word' id='word_1_139' title='bbox 918 2850 984 2922; x_wconf 89' lang='lat' dir='ltr'><strong>hoe</strong></span> <span class='ocrx_word' id='word_1_140' title='bbox 1004 2851 1219 2942; x_wconf 87' lang='lat' dir='ltr'><strong>debuerunt,</strong></span> <span class='ocrx_word' id='word_1_141' title='bbox 1241 2876 1319 2924; x_wconf 87' lang='lat' dir='ltr'><strong>non</strong></span> <span class='ocrx_word' id='word_1_142' title='bbox 1398 2899 1399 2908; x_wconf 25' lang='grc' dir='ltr'><strong>κ</strong></span> 
     </span>
    </p>
   </div>
   <div class='ocr_carea' id='block_1_10' title="bbox 1394 2633 1398 2946">
    <p class='ocr_par' dir='ltr' id='par_1_10' title="bbox 1394 2633 1398 2946">
     <span class='ocr_line' id='line_1_21' title="bbox 1394 2633 1398 2779; baseline 0 0"><span class='ocrx_word' id='word_1_143' title='bbox 1394 2633 1398 2779; x_wconf 82' lang='lat' dir='ltr'><strong>l</strong></span> 
     </span>
     <span class='ocr_line' id='line_1_22' title="bbox 1394 2782 1398 2946; baseline 0 0"><span class='ocrx_word' id='word_1_144' title='bbox 1394 2782 1398 2946; x_wconf 80' lang='lat' dir='ltr'><strong>l</strong></span> 
     </span>
    </p>
   </div>
   <div class='ocr_carea' id='block_1_11' title="bbox 253 2946 1398 3084">
    <p class='ocr_par' dir='ltr' id='par_1_11' title="bbox 253 2946 1398 3084">
     <span class='ocr_line' id='line_1_23' title="bbox 253 2946 1398 3084; baseline 0.001 -39"><span class='ocrx_word' id='word_1_145' title='bbox 253 3041 256 3045; x_wconf 83' lang='lat'><strong>.</strong></span> <span class='ocrx_word' id='word_1_146' title='bbox 336 2972 583 3084; x_wconf 87' lang='lat' dir='ltr'><strong>philosophiae.</strong></span> <span class='ocrx_word' id='word_1_147' title='bbox 635 2970 833 3044; x_wconf 80' lang='lat' dir='ltr'><strong>Aristoteles</strong></span> <span class='ocrx_word' id='word_1_148' title='bbox 870 2985 985 3044; x_wconf 91' lang='lat' dir='ltr'><strong>antem</strong></span> <span class='ocrx_word' id='word_1_149' title='bbox 1021 2976 1210 3046; x_wconf 71' lang='lat' dir='ltr'><strong>verissimas</strong></span> <span class='ocrx_word' id='word_1_150' title='bbox 1244 2975 1319 3047; x_wconf 83' lang='lat' dir='ltr'><strong>dis·</strong></span> <span class='ocrx_word' id='word_1_151' title='bbox 1394 2946 1398 3037; x_wconf 66' lang='lat' dir='ltr'><strong>l</strong></span> 
     </span>
    </p>
   </div>
   <div class='ocr_carea' id='block_1_12' title="bbox 334 3095 1318 3563">
    <p class='ocr_par' dir='ltr' id='par_1_12' title="bbox 334 3095 1318 3563">
     <span class='ocr_line' id='line_1_24' title="bbox 335 3095 1317 3192; baseline -0.004 -20"><span class='ocrx_word' id='word_1_152' title='bbox 335 3097 494 3172; x_wconf 84' lang='lat' dir='ltr'><strong>cernendi</strong></span> <span class='ocrx_word' id='word_1_153' title='bbox 531 3095 827 3192; x_wconf 84' lang='lat' dir='ltr'><strong>conjungendique</strong></span> <span class='ocrx_word' id='word_1_154' title='bbox 862 3095 954 3190; x_wconf 77' lang='lat' dir='ltr'><strong>leges</strong></span> <span class='ocrx_word' id='word_1_155' title='bbox 996 3099 1195 3186; x_wconf 68' lang='lat' dir='ltr'><strong>constituit,</strong></span> <span class='ocrx_word' id='word_1_156' title='bbox 1241 3111 1317 3169; x_wconf 88' lang='lat' dir='ltr'><strong>tum</strong></span> 
     </span>
     <span class='ocr_line' id='line_1_25' title="bbox 335 3218 1318 3317; baseline -0.002 -23"><span class='ocrx_word' id='word_1_157' title='bbox 335 3245 416 3294; x_wconf 84' lang='lat' dir='ltr'><strong>vero</strong></span> <span class='ocrx_word' id='word_1_158' title='bbox 439 3219 640 3302; x_wconf 85' lang='lat' dir='ltr'><strong>methodum</strong></span> <span class='ocrx_word' id='word_1_159' title='bbox 663 3218 814 3309; x_wconf 84' lang='lat' dir='ltr'><strong>induxit,</strong></span> <span class='ocrx_word' id='word_1_160' title='bbox 841 3244 910 3314; x_wconf 89' lang='lat' dir='ltr'><strong>qna</strong></span> <span class='ocrx_word' id='word_1_161' title='bbox 942 3233 976 3290; x_wconf 86' lang='lat' dir='ltr'><strong>et</strong></span> <span class='ocrx_word' id='word_1_162' title='bbox 1005 3220 1244 3317; x_wconf 78' lang='lat' dir='ltr'><strong>disputaretur</strong></span> <span class='ocrx_word' id='word_1_163' title='bbox 1271 3222 1318 3292; x_wconf 81' lang='lat' dir='ltr'><strong>de</strong></span> 
     </span>
     <span class='ocr_line' id='line_1_26' title="bbox 334 3341 1317 3415; baseline 0.005 -6"><span class='ocrx_word' id='word_1_164' title='bbox 334 3341 496 3414; x_wconf 88' lang='lat' dir='ltr'><strong>doctrinis</strong></span> <span class='ocrx_word' id='word_1_165' title='bbox 528 3353 563 3410; x_wconf 89' lang='lat' dir='ltr'><strong>et</strong></span> <span class='ocrx_word' id='word_1_166' title='bbox 596 3341 812 3413; x_wconf 85' lang='lat' dir='ltr'><strong>scriberetur.</strong></span> <span class='ocrx_word' id='word_1_167' title='bbox 863 3343 949 3413; x_wconf 85' lang='lat' dir='ltr'><strong>Nam</strong></span> <span class='ocrx_word' id='word_1_168' title='bbox 978 3341 1062 3415; x_wconf 88' lang='lat' dir='ltr'><strong>haec</strong></span> <span class='ocrx_word' id='word_1_169' title='bbox 1093 3343 1317 3414; x_wconf 85' lang='lat' dir='ltr'><strong>desideraba-</strong></span> 
     </span>
     <span class='ocr_line' id='line_1_27' title="bbox 335 3464 1317 3563; baseline 0.005 -30"><span class='ocrx_word' id='word_1_170' title='bbox 335 3477 398 3534; x_wconf 84' lang='lat' dir='ltr'><strong>tur</strong></span> <span class='ocrx_word' id='word_1_171' title='bbox 416 3465 580 3552; x_wconf 83' lang='lat' dir='ltr'><strong>maxime,</strong></span> <span class='ocrx_word' id='word_1_172' title='bbox 605 3489 714 3558; x_wconf 90' lang='lat' dir='ltr'><strong>quum</strong></span> <span class='ocrx_word' id='word_1_173' title='bbox 737 3465 781 3538; x_wconf 89' lang='lat' dir='ltr'><strong>de</strong></span> <span class='ocrx_word' id='word_1_174' title='bbox 804 3464 917 3536; x_wconf 85' lang='lat' dir='ltr'><strong>verbis</strong></span> <span class='ocrx_word' id='word_1_175' title='bbox 940 3466 1045 3560; x_wconf 81' lang='lat' dir='ltr'><strong>vulgo</strong></span> <span class='ocrx_word' id='word_1_176' title='bbox 1066 3467 1186 3560; x_wconf 83' lang='lat' dir='ltr'><strong>magis,</strong></span> <span class='ocrx_word' id='word_1_177' title='bbox 1210 3477 1317 3563; x_wconf 77' lang='lat' dir='ltr'><strong>quarn</strong></span> 
     </span>
    </p>
   </div>
   <div class='ocr_carea' id='block_1_13' title="bbox 334 3572 1404 3700">
    <p class='ocr_par' dir='ltr' id='par_1_13' title="bbox 334 3572 1404 3700">
     <span class='ocr_line' id='line_1_28' title="bbox 334 3572 1404 3700; baseline 0.009 -44"><span class='ocrx_word' id='word_1_178' title='bbox 334 3585 379 3656; x_wconf 90' lang='lat' dir='ltr'><strong>de</strong></span> <span class='ocrx_word' id='word_1_179' title='bbox 412 3586 514 3659; x_wconf 89' lang='lat' dir='ltr'><strong>rebus</strong></span> <span class='ocrx_word' id='word_1_180' title='bbox 550 3572 718 3681; x_wconf 79' lang='lat' dir='ltr'><strong>ageretur.</strong></span> <span class='ocrx_word' id='word_1_181' title='bbox 770 3587 831 3658; x_wconf 84' lang='lat' dir='ltr'><strong>Ille</strong></span> <span class='ocrx_word' id='word_1_182' title='bbox 863 3586 1049 3660; x_wconf 88' lang='lat' dir='ltr'><strong>definiendi</strong></span> <span class='ocrx_word' id='word_1_183' title='bbox 1084 3588 1180 3660; x_wconf 81' lang='lat' dir='ltr'><strong>dedit</strong></span> <span class='ocrx_word' id='word_1_184' title='bbox 1210 3615 1320 3687; x_wconf 82' lang='lat' dir='ltr'><strong>prae-</strong></span> <span class='ocrx_word' id='word_1_185' title='bbox 1401 3609 1404 3700; x_wconf 62' lang='lat' dir='ltr'>j</span> 
     </span>
    </p>
   </div>
   <div class='ocr_carea' id='block_1_14' title="bbox 278 3714 1321 4056">
    <p class='ocr_par' dir='ltr' id='par_1_14' title="bbox 278 3714 1321 4056">
     <span class='ocr_line' id='line_1_29' title="bbox 335 3714 1321 3811; baseline 0.002 -27"><span class='ocrx_word' id='word_1_186' title='bbox 335 3720 451 3805; x_wconf 80' lang='lat' dir='ltr'><strong>cepta,</strong></span> <span class='ocrx_word' id='word_1_187' title='bbox 489 3722 528 3782; x_wconf 85' lang='lat' dir='ltr'><strong>ut</strong></span> <span class='ocrx_word' id='word_1_188' title='bbox 555 3735 599 3782; x_wconf 88' lang='lat' dir='ltr'><strong>ne</strong></span> <span class='ocrx_word' id='word_1_189' title='bbox 626 3725 753 3784; x_wconf 86' lang='lat' dir='ltr'><strong>temere</strong></span> <span class='ocrx_word' id='word_1_190' title='bbox 776 3723 955 3806; x_wconf 82' lang='lat' dir='ltr'><strong>vagaretur</strong></span> <span class='ocrx_word' id='word_1_191' title='bbox 984 3714 1113 3804; x_wconf 86' lang='lat' dir='ltr'><strong>oratio,</strong></span> <span class='ocrx_word' id='word_1_192' title='bbox 1138 3714 1221 3804; x_wconf 89' lang='lat' dir='ltr'><strong>sed,</strong></span> <span class='ocrx_word' id='word_1_193' title='bbox 1246 3741 1321 3811; x_wconf 85' lang='lat' dir='ltr'><strong>qua</strong></span> 
     </span>
     <span class='ocr_line' id='line_1_30' title="bbox 335 3833 1321 3934; baseline 0.005 -29"><span class='ocrx_word' id='word_1_194' title='bbox 335 3833 378 3906; x_wconf 91' lang='lat' dir='ltr'><strong>de</strong></span> <span class='ocrx_word' id='word_1_195' title='bbox 401 3857 438 3906; x_wconf 88' lang='lat' dir='ltr'><strong>re</strong></span> <span class='ocrx_word' id='word_1_196' title='bbox 461 3857 571 3906; x_wconf 90' lang='lat' dir='ltr'><strong>sermo</strong></span> <span class='ocrx_word' id='word_1_197' title='bbox 603 3849 713 3925; x_wconf 89' lang='lat' dir='ltr'><strong>esset,</strong></span> <span class='ocrx_word' id='word_1_198' title='bbox 750 3848 938 3908; x_wconf 85' lang='lat' dir='ltr'><strong>constaret:</strong></span> <span class='ocrx_word' id='word_1_199' title='bbox 963 3836 1167 3932; x_wconf 82' lang='lat' dir='ltr'><strong>descripsit,</strong></span> <span class='ocrx_word' id='word_1_200' title='bbox 1192 3862 1321 3934; x_wconf 87' lang='lat' dir='ltr'><strong>quem-</strong></span> 
     </span>
     <span class='ocr_line' id='line_1_31' title="bbox 278 3956 1321 4056; baseline 0.008 -31"><span class='ocrx_word' id='word_1_201' title='bbox 278 3995 279 4002; x_wconf 37' lang='lat'><em>*</em></span> <span class='ocrx_word' id='word_1_202' title='bbox 335 3956 518 4030; x_wconf 86' lang='lat' dir='ltr'><strong>admodum</strong></span> <span class='ocrx_word' id='word_1_203' title='bbox 543 3980 610 4046; x_wconf 90' lang='lat' dir='ltr'><strong>res,</strong></span> <span class='ocrx_word' id='word_1_204' title='bbox 635 3957 679 4029; x_wconf 88' lang='lat' dir='ltr'><strong>de</strong></span> <span class='ocrx_word' id='word_1_205' title='bbox 703 3960 831 4052; x_wconf 85' lang='lat' dir='ltr'><strong>quihus</strong></span> <span class='ocrx_word' id='word_1_206' title='bbox 853 3973 1032 4053; x_wconf 84' lang='lat' dir='ltr'><strong>ageretur,</strong></span> <span class='ocrx_word' id='word_1_207' title='bbox 1059 3963 1094 4032; x_wconf 90' lang='lat' dir='ltr'><strong>in</strong></span> <span class='ocrx_word' id='word_1_208' title='bbox 1116 3975 1231 4056; x_wconf 81' lang='lat' dir='ltr'><strong>partes</strong></span> <span class='ocrx_word' id='word_1_209' title='bbox 1241 3961 1321 4032; x_wconf 81' lang='lat' dir='ltr'><strong>dis·</strong></span> 
     </span>
    </p>
   </div>
   <div class='ocr_carea' id='block_1_15' title="bbox 0 0 1429 5098">
    <p class='ocr_par' dir='ltr' id='par_1_15' title="bbox 0 0 1429 5098">
     <span class='ocr_line' id='line_1_32' title="bbox 0 0 1429 5098; baseline 0 0"><span class='ocrx_word' id='word_1_210' title='bbox 0 0 1429 5098; x_wconf 95' lang='lat' dir='ltr'><strong> </strong></span> 
     </span>
    </p>
   </div>
  </div>
 </body>
</html>
