2824 5084
459 461 676 531 »2052

82 650 183 722 hebet
205 651 440 742 dialecticam,
461 653 740 750 illucspectahat
760 653 865 726 hocce
878 656 977 750 ,'quo
989 683 1050 752 ap·

82 775 165 853 tiore
198 775 408 870 certioraque
431 776 592 856 methodo
612 789 840 848 tractarentur
859 776 1051 850 doctrinae:

81 910 154 966 tum
184 921 286 987 vero,
318 901 391 970 sinc
418 900 623 996 syllogistica
657 903 722 971 rite
742 901 879 972 tractari
900 899 1053 987 doctrina
1100 917 1103 926 '

82 1019 139 1090 illa
170 1023 350 1118 princeps,
368 1025 479 1118 prima
501 1024 735 1119 philosophia5
760 1047 847 1120 quae
868 1047 971 1120 supra
988 1012 1054 1095 nu·

78 1155 192 1244 turam
215 1157 326 1235 esset,
349 1171 418 1218 uon
435 1171 535 1242 posse
554 1147 746 1252 videbatur.
773 1147 964 1236 Caeterum,
975 1171 1054 1218 cum

78 1266 121 1336 ad
155 1291 349 1346 caussarum
371 1271 647 1366 indagationem,
671 1274 727 1343 cui
757 1283 868 1342 totum
888 1295 925 1342 se
944 1270 1053 1352 ‘dede-

79 1403 157 1479 rat,
186 1391 317 1462 inutilis
352 1406 462 1484 esset,
491 1396 645 1490 quamvis
678 1393 852 1465 videretur
873 1394 1052 1483 sublimis,
1155 1425 1162 1444 ·

78 1511 232 1584 idearum
252 1514 428 1606 doctrina,
447 1517 536 1590 hanc
555 1517 740 1612 rejiciebat.
790 1517 837 1587 Ut
865 1518 970 1610 igitur
986 1517 1053 1587 he-
1158 1603 1161 1608 ¹
1212 1557 1214 1566 ·

76 1635 183 1706 bebat
209 1637 326 1728 Plato,
348 1641 441 1734 quod
464 1643 499 1710 in
514 1641 684 1736 discipulo
710 1640 974 1735 reprehenderet
997 1665 1052 1712 ae-

77 1759 291 1854 gerrimeque
311 1773 346 1831 et
367 1763 422 1834 vix
442 1763 626 1854 toleraret,¹
649 1763 696 1834 ita
718 1787 788 1833 non
810 1761 928 1834 decrat
950 1763 1052 1834 -Aris-

78 1881 188 1971 totali,
210 1907 283 1974 cur,
304 1883 424 1955 relicte
445 1887 597 1979 magistri
615 1883 809 1981 discipline,
822 1909 943 1958 novam
953 1887 1053 1958 iniret

77 2031 117 2077 ac
140 2020 342 2102 sequeretm·
359 2007 624 2104 philosophandi
647 2011 823 2081 rationem.

129 2127 235 2222 Ergo,
254 2129 347 2224 quod
371 2131 461 2226 ipsos
486 2121 561 2202 hos'
574 2119 697 2204 attinet
719 2131 963 2228 philosophos,
986 2144 1055 2202 non
1087 2151 1094 2162 ·

77 2251 203 2342 video,
233 2253 546 2347 quemadmodum,
579 2254 672 2325 hunc
701 2256 738 2324 in
760 2254 901 2326 modum
923 2255 1055 2326 dissen-
1092 2293 1096 2300 ·

77 2376 206 2443 tientes
229 2396 248 2442 a
271 2396 308 2442 sc
326 2375 492 2462 invicem,
509 2373 618 2466 redigi
639 2377 676 2443 in
698 2375 904 2446 consensum
924 2379 1056 2472 potuis·

62 2471 169 2566 sem.
192 2493 260 2565 Sed
277 2518 339 2566 nos
361 2493 485 2590 placita
505 2495 684 2590 utriusque
696 2495 932 2596 diversamque
943 2498 1056 2592 philo-

77 2615 238 2712 sophiam
262 2622 471 2712 spectemus
493 2617 534 2688 Et
554 2640 656 2706 sane,
673 2605 702 2688 si
716 2616 787 2688 ·hac
805 2629 914 2688 aetate
928 2633 1054 2709 nostra,

77 2764 155 2836 qua¹
167 2750 367 2811 neutrarum
383 2761 456 2810 esse
479 2741 628 2835 partium
648 2739 839 2830 studemus,
860 2741 969 2812 missis
981 2742 1054 2838 phi-

78 2861 232 2957 losophis
250 2862 345 2956 ipsis,
369 2857 772 2956 philosophandi'corum
782 2862 945 2934 rationem
962 2889 1055 2959 spec·

23 3075 25 3082 Α
79 3000 208 3076 tamus,
225 3009 294 3056 non
316 2995 381 3074 est,
402 2983 515 3074 credo,
536 2983 630 3080 quod
649 2983 694 3055 de
705 2984 924 3055 conciliandis
936 3008 1054 3058 eorum

77 3109 246 3181 doctrinis
267 3108 498 3204 desperemus.
547 3108 633 3178 Nam
654 3107 827 3178 diversum
847 3129 965 3179 eorum
976 3106 1054 3198 fuit,

78 3256 153 3303 non
173 3232 401 3320 contrarium,
421 3231 496 3300 iter.
522 3277 523 3280 κ
548 3225 780 3299 Tetenderunt
802 3228 1055 3324 ambo,quam·
1103 3269 1107 3276 r

77 3355 134 3424 vis
154 3351 282 3448 dispari
294 3353 548 3442 maceratione,
561 3350 826 3446 adsapientiam.
852 3351 1055 3446 Conjuuctic

77 3486 198 3546 autem
230 3475 506 3549 arctior-tantum
524 3475 648 3564 abest,
672 3485 711 3544 ut
733 3473 956 3546 similitudine
978 3501 1055 3547 con-

78 3599 246 3685 tineatur,
271 3613 308 3666 ut
324 3596 559 3693 disparitatem
582 3597 740 3668 admittat
762 3597 945 3690 quandam,
971 3602 1055 3694 quin

78 3719 371 3816 etiampostulet.
414 3720 581 3816 Conjungi
603 3721 694 3792 enim
716 3719 839 3792 similia
857 3719 977 3790 intime
998 3745 1056 3792 uo·

79 3843 180 3914 lunt:
210 3856 431 3939 apponuntur
457 3845 522 3915 sihi
554 3846 715 3934 invicem,
744 3843 967 3939 adaptantur,
987 3867 1055 3914 non

79 3964 341 4059 amplectuntur
359 3989 446 4062 sese.
499 3966 537 4038 Id
557 3979 596 4036 ut
618 3967 699 4056 fiat,
725 3966 875 4039 diversae
900 3965 1054 4036 siutcon-
