2824 5084
695 463 915 536 *248*

312 666 453 760 jioiens‚
484 663 713 758 subjiciendas
747 666 830 732 item
860 661 911 741 illi
938 674 1108 732 sectarum
1138 657 1291 732 omnium
1341 711 1344 714 -

309 779 581 883 philosophandi
599 784 791 856 ‘methodos
813 795 908 856 ratus
929 795 1004 873 est,
1029 783 1094 855 hae
1112 803 1181 854 una
1200 784 1289 856 seili-

316 923 372 982 oet
392 910 428 978 iu
446 932 484 978 re
506 909 619 978 minus
640 920 745 997 recte,
757 909 827 978 imo
836 929 994 1002 perverse
1000 906 1171 1001 judicans,
1182 931 1290 1000 quum

317 1031 361 1103 ad
373 1055 470 1102 suam
480 1030 576 1100 illam
587 1032 738 1102 eritioam
747 1028 1008 1126 philosophiam,
1016 1031 1295 1124 tauquamseieu-

317 1156 400 1224 tiam
420 1153 651 1232 certissimam,
671 1153 797 1247 placita
817 1151 1099 1248 philosophorum
1110 1163 1296 1224 sectarum-

317 1277 385 1373 que
407 1277 532 1365 omnia,
553 1299 777 1370 quaeeunque
796 1275 995 1345 exstiterant
1018 1266 1110 1365 olim,
1131 1276 1308 1368 exigeret

316 1400 372 1470 Sic
396 1398 511 1470 fructu
531 1399 719 1469 destitutus
741 1399 944 1470 eriticismus
965 1411 1041 1488 est,
1064 1421 1169 1493 quem
1193 1423 1294 1494 prae

317 1535 385 1592 stat
405 1522 678 1593 eclectieismus.'
702 1521 786 1592 Nam
804 1523 965 1616 conjungi
987 1533 1144 1615 uterque,
1169 1535 1210 1592 ut
1229 1523 1294 1594 fae·

317 1661 391 1716 tum
414 1671 433 1716 a
456 1645 597 1718 Platone
608 1659 674 1737 est,
685 1647 874 1718 necessario
887 1645 1005 1716 debet.
1023 1646 1080 1716 Sic
1090 1643 1295 1717 discendum

317 1767 417 1841 nohis
450 1770 495 1840 ab
524 1770 683 1841 omnihus
707 1782 782 1859 est,
811 1771 908 1864 quasi
926 1769 991 1864 ipsi
1015 1767 1146 1838 nullam
1168 1767 1295 1840 hebea-

316 1917 413 1974 mus,
447 1915 551 1986 quam
582 1883 857 1988 propugnamus,
893 1889 1105 1961 doctrinam:
1120 1889 1293 1984 judicium

317 2027 433 2086 autem
456 2014 713 2116 adhibendum,
731 2027 771 2084 ut
792 2013 956 2107 eligamus
978 2025 1088 2084 recte:
1113 2025 1188 2084 tum
1213 2032 1294 2106 vero

318 2161 379 2208 nos
416 2137 648 2230 philosophari
674 2160 737 2229 per
765 2148 898 2206 nosmet
923 2137 1015 2230 ipsos
1040 2135 1147 2206 decet.
1198 2135 1291 2206 Haec

317 2268 369 2326 est
393 2256 609 2326 eclectioismi
620 2257 715 2336 ratio,
728 2278 818 2350 quae
829 2247 929 2327 unice
939 2255 1291 2353 videaturprobauda.
1409 2289 1410 2294 ¹

363 2381 447 2451 Nam
467 2381 512 2452 ab
534 2379 598 2451 hae
618 2379 770 2476 prolecto
783 2381 936 2450 omnium
948 2381 1293 2452 maximecaveudum

314 2504 477 2602 opinandi
496 2505 687 2574 temeritate
707 2515 782 2592 est,
804 2503 901 2597 quasi
925 2504 961 2572 iu
981 2503 1141 2574 eclectioa
1161 2505 1292 2576 critica·

314 2654 383 2726 que
402 2627 667 2726 philosophandi
689 2626 852 2697 methodo
875 2625 934 2696 illa
949 2625 1291 2722 desideretur‚quam

314 2765 459 2839 vocant,
484 2773 621 2845 quaque
643 2751 777 2843 gloriari
798 2750 991 2822 mortalium
1010 2750 1164 2820 omnium
1188 2751 1295 2820 maxi-

313 2897 369 2945 me
400 2872 596 2970 philosophi
633 2873 763 2954 solent,
792 2877 1036 2968 procreatam
1067 2873 1103 2942 in
1131 2871 1292 2968 philoso-

229 3023 235 3031 ·
277 3061 281 3071 ,
313 2996 453 3094 phando
468 2996 623 3068 facultas.
648 2997 723 3068 Non
746 2997 837 3072 euim
855 3009 956 3087 suut,
975 3019 1060 3092 quos
1083 3009 1293 3091 spectamus,

265 3201 267 3210 Ι
313 3121 465 3194 eclectioi
507 3121 684 3214 criticique
711 3117 907 3215 philosophi
940 3131 1124 3215 puerorum
1158 3123 1291 3211 instar⁷
1368 3117 1371 3125 ’
1409 3197 1410 3212 ,

313 3246 374 3339 qui
403 3245 439 3314 in
463 3245 568 3339 pratis
587 3266 666 3314 oum
681 3241 819 3314 delectu
839 3242 942 3314 flores
960 3255 1123 3338 carpunt:
1145 3267 1214 3312 uon
1238 3243 1290 3312 illi

314 3367 407 3437 huno
435 3368 472 3436 in
506 3363 645 3435 modum
675 3387 694 3433 e
729 3363 1012 3459 philosophorum
1034 3365 1141 3435 veluti
1160 3367 1292 3459 campis

313 3489 526 3560 suavissimas
547 3511 701 3582 quasque
721 3467 1012 3581 pulcerrima'sque
1032 3488 1291 3558 senteutiasca-

312 3612 431 3706 pluat,
452 3609 578 3704 quibus
607 3609 737 3680 scilicet
760 3607 1010 3704 philosophiam
1030 3611 1094 3704 ipsi
1115 3633 1211 3680 suam
1234 3634 1287 3680 or·
1409 3611 1410 3614 ’

311 3745 406 3805 nent.
459 3732 548 3804 Haec
582 3756 651 3804 non
671 3732 828 3819 Socratis,
851 3756 919 3803 nou
940 3732 1099 3812 Platonis,
1113 3730 1291 3804 nouAris-
1409 3743 1410 3830 l

312 3857 424 3927 totelis
459 3855 543 3924 ratio
569 3854 658 3944 fuit,
685 3855 839 3948 quamvis
875 3853 910 3922 hi
944 3879 962 3922 e
990 3855 1290 3948 praestantissimis
1409 3883 1410 3908 2

312 3981 528 4075 quibusque,
561 3979 620 4073 qui
658 3979 748 4072 ipsos
774 3991 1045 4073 praecesseraut,
1073 3978 1291 4072 philosophis
