2828 5098
585 446 589 455 '
711 441 930 513 -102-

340 645 434 735 lum,
457 646 639 716 Praxinoa'e
661 642 794 734 lilium,
827 640 1052 712 admirantem
1074 651 1109 710 et
1129 639 1317 734 obstupes-

340 779 494 857 centem,
528 766 612 838 haec
645 767 693 837 ita
727 791 746 836 a
778 777 886 836 matre
915 766 952 835 in
974 776 1107 860 patrem
1129 762 1215 834 dici:
1241 761 1316 860 ipa,

339 890 459 987 perol,
487 889 527 970 ὡς
550 891 673 986 uoragi
696 893 748 961 τό.
798 887 890 977 Quid
912 884 1041 982 plural
1066 909 1145 956 nam
1167 887 1246 980 quis
1269 888 1319 957 ita

340 1025 392 1084 est
426 1011 471 1084 ab
504 1013 596 1084 omni
632 1011 844 1082 humanitate
878 1009 1029 1098 alienus,
1064 1009 1150 1103 quin
1172 1008 1317 1080 mimum

320 1119 432 1206 ¹hunc
454 1146 566 1206 totum
587 1135 694 1204 menti
715 1133 840 1204 habeat
863 1127 1102 1226 praesentem?

344 1296 347 1300 ·
388 1258 518 1328 Horum
541 1268 656 1325 autem
677 1255 847 1344 omnium,
872 1275 961 1349 quae
982 1253 1030 1322 ita
1048 1276 1186 1347 prorsus
1199 1251 1316 1323 ridere

339 1394 374 1451 et
406 1381 524 1453 audire
559 1379 657 1449 nobis
690 1379 779 1448 inter
814 1375 999 1471 legendum
1027 1376 1204 1466 videmur,
1228 1376 1315 1446 nibil

338 1508 441 1598 poeta
477 1503 547 1573 suis
581 1501 655 1596 ipse
686 1499 800 1572 verbis
831 1499 1029 1594 descripsit:
1053 1521 1210 1594 expressa
1233 1512 1314 1570 sunt

220 1627 221 1630 ’
338 1627 420 1722 ipsis
454 1626 666 1697 sermonibus
695 1625 889 1696 mulierum.
939 1625 995 1697 Sic
1023 1636 1059 1694 et
1081 1611 1314 1721 Protagora:

338 1749 487 1820 Platonis
523 1762 558 1819 et
590 1749 714 1820 caeteri
738 1752 811 1844 ejus
832 1747 976 1842 dialogi,
997 1772 1083 1842 quos
1107 1747 1257 1844 primum
1279 1763 1314 1822 et

336 1895 454 1943 recens
478 1896 497 1942 a
519 1871 713 1942 dramatum
735 1859 918 1966 scriptione
938 1871 1085 1965 scripsit.
1128 1869 1314 1942 Continent

336 2018 405 2066 non
427 1994 647 2066 domesticam
665 1993 855 2084 bominum,
878 1993 958 2083 sed,
984 2004 1106 2090 utpote
1125 1995 1220 2064 mimi
1238 1993 1314 2089 pbi-

336 2116 491 2212 losophi,
514 2116 704 2211 publicam
739 2115 974 2212 Sophistarum
1009 2117 1125 2187 vitam.
1183 2115 1314 2188 Pariter

249 2301 252 2308 ,
336 2250 452 2310 autern
474 2239 510 2308 in
533 2239 573 2308 iis
597 2219 771 2334 Sophis‘tas
794 2250 830 2308 et
852 2237 1005 2310 dicentes
1027 2251 1062 2308 et
1082 2251 1221 2332 agentes
1238 2263 1312 2312 cer-

336 2361 471 2431 nimus:
514 2361 551 2430 in
589 2361 707 2457 primis
742 2361 934 2452 Socratem,
969 2360 1031 2432 ubi
1072 2362 1313 2456 interrogando

334 2485 610 2558 doctissimorum
632 2485 1001 2581 disertissimorumque
1020 2485 1171 2556 virorum
1186 2486 1313 2581 placita

334 2607 474 2680 refutat.
527 2610 596 2682 Sed
627 2611 724 2680 mimi
745 2610 833 2680 ratio
850 2611 893 2678 ¹in
915 2608 1089 2680 Phaedro
1110 2610 1314 2703 praesertim

334 2731 485 2802 Platonis
506 2744 691 2826 spectatur.
743 2731 840 2802 Unde
860 2743 897 2804 ct
917 2759 1000 2828 quo,
1025 2728 1218 2802 Phaedre?
1241 2731 1313 2801 ini-

335 2855 424 2924 tium
447 2852 573 2946 dialogi
594 2866 664 2924 est:
689 2832 859 2926 nescimus
882 2877 983 2944 reru,
1006 2852 1146 2924 ubinam
1156 2851 1313 2927 Phaedro

335 2989 370 3048 et
402 3002 469 3074 qua
502 2977 759 3072 opportunitate
787 2989 942 3050 occurrat
962 2981 1129 3049 Socrates.
1179 2976 1220 3048 Id
1242 3003 1312 3050 non

334 3102 480 3196 scriptor
502 3100 626 3194 dialogi
649 3098 746 3170 nobis
768 3100 958 3194 significat,
982 3123 1052 3172 non
1069 3113 1203 3172 enarrat
1223 3103 1310 3198 ipse,

334 3222 625 3317 quemadmodum
668 3222 768 3294 ambo
798 3225 904 3296 muris
939 3225 1064 3318 egressi
1097 3224 1140 3296 ad
1174 3225 1309 3296 llissum

336 3345 542 3440 procedant:
567 3345 624 3417 hle
645 3345 842 3418 altissimam
865 3347 959 3418 illam
978 3348 1155 3444 platanum
1173 3351 1310 3445 conspi-

334 3469 445 3558 ciant,
465 3491 573 3563 eoque
596 3471 783 3564 progressi,
815 3469 929 3542 locum
949 3471 1087 3542 tandem
1110 3473 1309 3565 inveniant,
1404 3491 1405 3508 ³

244 3573 248 3584 ¹
335 3591 397 3662 ubi
427 3593 641 3665 considentes
663 3596 880 3685 suavissime,
906 3596 1139 3668 eminentibus
1160 3596 1310 3688 cicadis,

333 3713 379 3784 de
402 3737 517 3786 amore
539 3717 793 3814 colloquantur:
823 3717 945 3790 horum
966 3720 1116 3790 omniurn
1141 3719 1308 3791 aliarum-

333 3860 403 3933 que
422 3837 520 3908 ‘itom
551 3863 665 3911 rerum
696 3841 785 3912 bene
818 3839 1023 3934 multarum,
1046 3867 1130 3938 quas
1154 3844 1310 3938 legentes

321 3960 505 4056 dialogum
527 3961 764 4038 lubentissime
785 3966 932 4040 solemus
952 3967 1116 4063 accipere,
1140 3967 1228 4038 nihil
1243 3991 1310 4038 no-
