2828 5098
739 533 959 604 -100-·-

361 727 443 827 pide
464 727 653 801 similitudo
676 728 868 800 intercessit
891 725 1069 822 quaedam.
1095 725 1179 796 Nam
1201 725 1248 796 de
1270 725 1340 798 hoc

360 855 442 926 item
466 850 613 925 dubium
637 853 749 924 visum
773 864 846 940 est,
872 850 1021 943 magisne
1046 851 1166 944 po'e'ta,
1190 871 1235 917 an
1256 847 1339 942 phi-

360 975 523 1074 losophus
555 988 655 1046 natus
687 986 791 1046 esset:
821 997 891 1068 quo
915 970 1057 1060 accidit,
1090 981 1147 1059 ut,
1175 967 1221 1038 de
1242 993 1340 1042 com·

359 1099 456 1167 muni
491 1097 649 1168 Veterum
683 1097 851 1167 senteutid
886 1096 928 1164 do
961 1117 1065 1164 scano
1093 1094 1339 1189 philosophus

360 1219 474 1290 dictus
498 1218 612 1290 suerit.
647 1218 715 1288 Sed
738 1218 835 1288 Plato
857 1228 1039 1312 postquam
1059 1240 1139 1286 cum
1159 1215 1239 1305 alia,
1260 1228 1336 1287 tum

359 1339 525 1432 dramata,
550 1353 625 1411 tum
647 1341 750 1410 etiam
773 1339 961 1433 tragoedias
981 1339 1173 1434 scripserat,
1197 1351 1336 1410 auctore

357 1465 490 1559 optimo
520 1463 757 1559 philosophiae
789 1464 972 1555 magistro,
1005 1463 1162 1550 Socrate,
1193 1485 1335 1531 ascena

361 1596 453 1655 totus
485 1565 530 1654 ad
561 1583 813 1680 philosophiam
840 1595 1017 1654 revocatus
1049 1595 1122 1670 est,
1147 1583 1196 1654 sic
1220 1594 1335 1654 tamen

360 1729 435 1776 eam
459 1705 617 1802 reliquit,
644 1718 683 1777 ut
705 1706 817 1776 Musas
837 1727 906 1776 non
924 1703 1133 1802 repudiarat,
1153 1707 1222 1775 imo
1243 1727 1334 1793 vero,

358 1829 483 1902 harum
507 1831 685 1902 adhiberet
708 1831 849 1926 gratiam
880 1842 915 1900 et
944 1831 1146 1900 suavitatem
1173 1829 1218 1898 ad
1243 1842 1336 1900 recte

360 1952 612 2050 philosophiam
645 1978 724 2025 cum
760 1951 970 2042 colendam,
996 1965 1071 2023 tum
1108 1933 1251 2024 civibus
1264 1953 1335 2024 suis

359 2078 565 2172 omninoque
589 2077 726 2147 Graecis
751 2075 1063 2146 commendandam.
1105 2074 1248 2169 Legerat
1271 2077 1336 2147 sci-

359 2197 440 2269 licet
462 2199 608 2292 optimos
630 2221 785 2293 quosque
805 2199 1020 2296 superiorum
1041 2210 1236 2294 temporum
1257 2202 1335 2294 poe·

360 2331 432 2401 tas,
463 2321 500 2390 in
522 2318 575 2390 his
598 2318 841 2416 philosophos,
867 2322 928 2416 qui
951 2321 1157 2392 carminibus
1181 2319 1333 2392 celebra-

360 2454 477 2512 verant
501 2442 627 2537 placita
651 2468 731 2534 sua,
755 2443 920 2516 Eleaticcs
944 2445 1143 2540 praesertim
1163 2443 1335 2539 eththa-

359 2590 493 2660 goreos:
529 2591 676 2662 quorum
712 2566 929 2664 philosophia
963 2591 1004 2638 eo
1035 2569 1141 2662 magis
1167 2572 1242 2662 ejus
1264 2569 1336 2638 ani-

359 2714 454 2760 mum
490 2703 625 2784 ceperat
661 2713 769 2784 eoque
798 2691 912 2784 ipsum
938 2691 1076 2761 tenebat
1101 2692 1335 2782 coustantius,

358 2835 428 2906 quo
462 2811 641 2881 sublimior
676 2833 794 2880 eorum
826 2812 934 2882 oratio
969 2825 1062 2901 erat,
1100 2813 1228 2908 quippe
1252 2837 1334 2884 vere

359 2933 503 3028 politica.
540 2931 734 3004 Accedebat
759 2957 838 3004 cum
859 2935 1083 3027 tragicorum,
1107 2949 1183 3006 tum
1207 2936 1333 3009 Aristo

359 3054 504 3150 phanis,
530 3066 606 3124 turn
628 3077 708 3124 vero
739 3056 842 3124 etiam
864 3055 1049 3150 Sophronis
1070 3057 1184 3128 lectio.
1237 3060 1277 3129 ln
1298 3060 1333 3128 il-

358 3177 401 3248 lis
425 3164 639 3272 maximeque
660 3177 707 3252 ,in
740 3175 968 3274 Aristophane
996 3178 1103 3251 forma
1132 3183 1164 3252 ei
1193 3183 1333 3253 mirifice

359 3299 516 3394 placebat
539 3299 681 3392 dialogi:
707 3300 742 3368 in
766 3299 952 3396 Sophronis
972 3313 1087 3372 autern
1108 3304 1222 3376 mimis
1244 3319 1331 3376 totus

359 3434 476 3492 mente
498 3421 678 3516 animoque
701 3434 773 3492 erat
795 3434 831 3492 et
855 3424 952 3518 quasi
974 3422 1165 3517 habitabat,
1178 3427 1331 3524 ut,quod

360 3544 476 3619 nobis·
493 3545 629 3616 Veteres
662 3547 843 3618 memoriae
876 3547 1125 3642 podiderunt,
1149 3551 1333 3624 dormitum
1394 3554 1399 3575 ⁴

359 3669 471 3741 iturus
505 3668 624 3740 mimos
653 3668 730 3740 illos
763 3571 934 3862 pulsia&
963 3695 1025 3742 suo
1056 3673 1242 3769 subjiceret
1272 3674 1331 3772 ().

358 3790 435 3862 Nori
459 3791 583 3862 mirum
608 3792 750 3881 iccirco,
776 3789 897 3871 Platon
918 3816 971 3883 m,
995 3819 1074 3866 cum
1095 3797 1248 3892 primum
1258 3799 1334 3870 scri·

297 4042 302 4062 '
394 4045 430 4118 Γ)
444 4049 474 4101 V.
491 4048 607 4102 Valcken.
626 4049 758 4102 cosme.
774 4055 803 4102 ἐκ
823 4054 946 4104 steterit.
960 4055 1043 4104 Adon.
1060 4072 1085 4122 p.
1104 4058 1164 4108 104.
