2824 5084
618 498 619 502 ’
718 539 766 550 —-
792 495 935 585 210·—

345 707 465 772 am‘mo
488 700 640 770 homines
663 721 801 770 snmus:
826 719 894 766 non
917 697 997 766 sutis
1021 692 1218 766 mortalibus
1238 705 1326 783 eet,

346 825 520 919 indagasse
551 824 664 897 omniu
694 833 729 894 ot
751 821 964 914 cognovisse:
985 814 1195 890 emdieudus
1217 815 1327 886 homo

346 976 365 1018 a
380 961 496 1018 tenera
514 945 595 1015 indo
605 957 717 1016 aetate
727 945 858 1016 artibus
869 941 1088 1034 ortmusiot,
1099 939 1326 1035 gymnastico,

345 1072 546 1158 saltatione,
573 1069 689 1162 poesi,
717 1080 793 1138 tum
814 1066 921 1138 literis
946 1063 1227 1154 humanioribus,
1248 1075 1326 1131 tum

347 1219 427 1266 vero
445 1190 646 1287 disciplinis,
670 1212 758 1284 quae
777 1189 849 1260 veri
860 1187 896 1257 in
907 1189 1020 1258 animo
1030 1209 1167 1257 sensum
1177 1185 1326 1257 excitent

348 1328 560 1410 aeuantquo,
579 1312 808 1400 arithmetica,
831 1310 1028 1404 geometria,
1040 1308 1228 1380 dialectica.
1258 1307 1329 1379 Neo

349 1465 427 1512 vero
449 1435 672 1532 negligendae
694 1433 949 1528 disquisitiones
978 1428 1155 1504 interiores
1179 1443 1263 1502 sunt
1284 1431 1330 1500 de.

351 1562 492 1656 pulcro,
515 1559 560 1629 de
583 1559 697 1647 hono,
722 1557 767 1626 de
777 1561 873 1650 justo
887 1608 897 1645 ‚
914 1555 971 1624 de'
984 1539 1109 1626 sancto=
1120 1543 1326 1650 divinoque,

349 1683 477 1778 quibus
512 1679 556 1751 ad
590 1679 679 1791 bene
711 1677 895 1748 vivendum
925 1677 1082 1772 beneque
1111 1677 1327 1748 moriendum

349 1827 601 1902 praeparemur.
652 1805 747 1876 Haeo
768 1811 884 1909 autem
903 1799 1018 1872 studia
1037 1799 1328 1894 quemadmodum

349 1932 417 2000 sint
450 1939 543 2001 recte
563 1939 668 2022 atque
688 1925 733 1996 ad
754 1947 927 1999 summum
949 1923 1170 1997 humanitatis
1189 1922 1329 1995 felicita·

352 2055 464 2146 timue
488 2050 639 2122 fructum
670 2045 882 2121 instituenda
909 2058 1013 2140 atque
1030 2046 1238 2137 exooleuda,
1261 2072 1330 2118 nou
1399 2079 1401 2212 p

352 2185 492 2244 natiuae
512 2195 574 2242 nos
595 2169 787 2242 observatio
806 2167 993 2257 dooet,nec
1004 2166 1331 2266 philosophiaque
1400 2215 1401 2300 p

351 2297 421 2366 huo
442 2303 575 2389 spectat
591 2291 760 2382 maxime,
779 2290 841 2366 aad
860 2290 921 2364 illa
940 2290 1071 2366 scilieet
1090 2291 1332 2390 philosophia,
1400 2301 1401 2322 ¹

351 2440 439 2514 quaa
450 2425 522 2488 totu
533 2416 577 2486 ab
588 2415 698 2488 oinuis
709 2413 930 2496 humanitatis
942 2413 1158 2508 indagatione
1168 2415 1332 2511 profecta,

354 2536 818 2614 uuaadreoteexoolendum
830 2536 1148 2633 perficiendumque
1159 2538 1334 2611 hominem

354 2664 530 2760 aptissima
552 2673 623 2734 ost:
650 2659 787 2754 qualem
805 2661 950 2734 maxime
972 2659 1179 2736 Platonicam
1200 2685 1277 2733 erae
1300 2677 1336 2733 et

354 2809 472 2858 omnes
505 2793 641 2854 norunt·
661 2792 697 2850 et
728 2781 810 2852 satis
841 2781 940 2856 uobis
964 2785 1121 2879 superior
1139 2782 1337 2880 disquisitio

354 2905 523 3004 probavit.
573 2903 678 2996 Er30‚
700 2914 740 2978 ut
757 2903 867 2998 prosit
892 2904 989 2978 nobis
1008 2919 1155 3002 utraque
1175 2906 1335 3004 philoso-

355 3025 485 3124 phandi
513 3049 650 3115 norma,
675 3024 1175 3120 subjmgendaasistotelicae‚
1188 3030 1261 3102 ¹eeu
1273 3056 1336 3128 po-

355 3154 423 3222 nus
452 3145 700 3245 praemittenda
731 3146 902 3245 rotoma
924 3163 987 3226 esu.
1036 3152 1136 3241 Quor
1159 3153 1222 3224 um
1244 3168 1337 3226 reae
1399 3135 1400 3170 ¹

357 3274 622 3358 irntituerimus‚
641 3269 836 3347 cavebimus
853 3283 975 3369 sponte
996 3275 1041 3346 ab
1061 3275 1120 3348 illa
1142 3273 1336 3350 Aristotelia

358 3396 567 3484 temeritate,
589 3417 657 3488 qua
676 3419 781 3491 supra
803 3409 961 3470 naturam
978 3401 1280 3498 quaeririt7quod
1304 3406 1337 3472 in

359 3520 434 3612 ipso
452 3518 539 3589 latet
559 3515 706 3590 hominis
728 3519 851 3591 animo.
930 3563 933 3571 -

406 3639 492 3710 Nam
515 3637 642 3712 ducere
664 3641 803 3714 omnino
825 3652 968 3713 naturae
991 3642 1147 3716 studium
1169 3646 1216 3717 ad
1226 3647 1338 3718 Deum

360 3760 613 3856 agnoscendum
642 3775 677 3832 et
700 3763 976 3856 cognoscendum
998 3778 1126 3862 potest.
1177 3768 1277 3868 Quod
1301 3783 1341 3839 et

359 3887 568 3958 Socrates‘et
583 3885 681 3956 Plato
702 3884 834 3976 docuit,
855 3885 1056 3960 Aristoteles
1071 3904 1187 3962 autem
1199 3893 1340 3987 elegan-

362 4011 488 4080 tissima
510 4008 761 4102 comparatione
782 4009 979 4082 illustravit.
1011 4010 1338 4088 Praeclaram-ir-
