2824 5084
471 472 691 542 -221-
763 471 784 530 ‘-

84 666 246 737 naturalis
270 686 372 752 vero,
398 685 467 733 non
487 666 667 736 inunutato
682 665 833 752 nomine,
855 674 1059 752 accuratae,
1096 677 1099 684 '

83 815 167 884 quas
203 793 338 876 vocant,
362 787 547 858 doctrinas
569 790 641 860 sive
661 792 831 860 scientias
856 787 1058 858 contineret.

83 913 318 1012 Frustraxvero
334 909 396 978 illi.
420 909 504 981 Nam
515 911 604 982 illud
616 913 812 1008 speculari,
821 909 917 1004 quod
927 909 1059 1014 dicunt,
1083 989 1084 992 Ἴ

79 1034 110 1102 si
135 1033 230 1127 quod
254 1032 348 1102 aliud
376 1057 524 1125 nomen,
544 1047 686 1106 naturae
704 1033 934 1106 observandae
956 1031 1058 1104 inda-

79 1155 280 1251 gandaeque
302 1158 479 1228 convenit:
504 1157 652 1229 absurda
678 1170 794 1228 autem
814 1180 868 1228 res
891 1157 946 1248 sit,
956 1181 1059 1226 occu·

79 1289 186 1350 ratos
211 1257 397 1350 doctrinas
410 1279 491 1350 illas
514 1279 680 1352 duntaxat
703 1279 887 1376 appellare,
907 1302 995 1374 quae
1014 1278 1058 1348 ad
1087 1367 1090 1384 .

79 1399 272 1472 naturalem
297 1400 550 1498 philosophiam
571 1403 777 1474 referuntur.
828 1403 916 1476 Hinc
941 1414 1057 1472 autem

79 1523 231 1614 accidit,
253 1535 293 1593 ut
315 1525 433 1618 inepto
454 1525 630 1595 nominum
653 1550 719 1596 usu
740 1526 815 1620 ipsa
836 1524 920 1597 haec
943 1524 1057 1621 philo·

24 1625 25 1631 *
79 1645 220 1741 sophiae
239 1668 362 1739 genera
383 1643 675 1716 confunderentur
697 1646 820 1742 plane,
844 1647 929 1741 quin
952 1627 1055 1717 etiam
1102 1625 1105 1638 ⁷

78 1792 279 1865 perversum
305 1769 341 1837 in
360 1767 505 1864 ¹modum
528 1779 766 1840 tractarentur.
817 1767 935 1859 Nam,
948 1768 1055 1838 latea—

77 1897 158 1962 mur
188 1913 325 1962 necesse
357 1901 432 1981 est,
467 1890 624 1962 inanibus
639 1895 641 1904 ’
654 1891 702 1961 ita
724 1890 945 1981 fictionibus,
969 1913 1053 1984 quas

78 2017 339 2113 speculationes
364 2013 553 2110 appellant,
576 2013 758 2108 indulgent
769 2015 905 2110 sibique
916 2013 1054 2110 placent

77 2139 221 2210 mirifice
242 2129 419 2210 theoretici
441 2123 657 2233 philosophi3
679 2139 739 2232 qui
757 2160 837 2208 vero
857 2139 893 2206 iu
915 2149 1054 2208 natiua-

75 2261 147 2330 lem
176 2260 381 2330 incumbunt
414 2259 690 2352 philosophiam,
723 2285 743 2329 a
774 2259 960 2334 theoretica
991 2249 1055 2330 illa

73 2384 150 2453 sive
181 2377 469 2450 transcendentali
498 2378 599 2464 alieni
633 2369 715 2450 sunt
739 2392 841 2474 atque
867 2382 1052 2454 abhorrent

72 2505 193 2602 plane.
230 2499 408 2598 Equidem,
429 2513 469 2572 ut
488 2524 530 2572 ex
546 2499 600 2572 his
625 2523 685 2572 nos
710 2499 971 2574 difficultatibus
989 2481 1052 2575 ¹er-

75 2627 276 2724 pediamus,
311 2649 419 2696 unum
450 2624 516 2697 hoc
547 2625 646 2697 nobis
674 2627 855 2723 praecipue
881 2627 1053 2721 agendum

76 2772 152 2821 esse
172 2771 305 2839 censeo,
327 2759 379 2838 ut,
401 2749 431 2819 si
458 2748 570 2820 unam
594 2747 863 2840 denomioibas,
884 2748 1054 2822 tomende

77 2876 189 2944 rebus
209 2869 303 2968 apud
326 2895 388 2943 nos
413 2883 557 2959 constet3
582 2870 1054 2968 neclrustra,opinor,illuc,

79 2995 124 3066 ad
147 2995 207 3066 res¹
226 2996 327 3091 ipsas·
340 3007 434 3066 recte
457 2994 664 3090 penitusque
688 2994 953 3090 perspiciendas,
970 2994 1054 3066 haec

80 3120 190 3191 omnis
213 3131 329 3192 nostra
353 3117 398 3188 de
421 3107 563 3190 Platone
587 3129 622 3188 et
646 3100 829 3198 Aristotele
853 3117 1057 3213 disceptatio

80 3241 295 3313 adhibeatur.
344 3241 429 3312 Nam
453 3253 493 3312 ut
517 3240 723 3312 theoreticae
734 3240 969 3336 philosophiae
979 3239 1056 3311 Pla·
1184 3319 1190 3328 ‚

81 3376 142 3454 to,
165 3364 213 3434 ita
236 3363 401 3450 naturalis
425 3362 649 3454 Aristoteles,
674 3365 703 3433 si
724 3362 809 3458 quid
833 3363 946 3454 videa,
970 3389 1056 3436 auc-

82 3499 139 3558 tor
162 3483 247 3576 fuit,
272 3499 418 3582 uterque
441 3499 557 3558 autem
581 3485 792 3580 singulatim,
817 3487 1057 3582 quaetandem

83 3622 230 3704 utraque
247 3610 304 3700 sit,
327 3635 397 3706 quo
418 3611 587 3706 pertineat
607 3609 784 3704 valeatque
806 3613 961 3694 maxime,
982 3624 1057 3682 tum

85 3755 165 3804 vero
189 3732 312 3822 etiam,
338 3731 626 3826 quemadmodum
644 3732 780 3802 tractari
796 3744 888 3804 recte
905 3745 939 3804 et
951 3735 1060 3829 possit
1124 3747 1126 3758 “

85 3867 121 3924 et
142 3853 289 3946 debeat,
314 3877 377 3926 suo
400 3855 474 3950 ipse
497 3852 654 3950 exemplo
664 3852 792 3926 docuit.
818 3854 1059 3944 Quamobrem,

86 3978 115 4047 si
148 4001 267 4073 capere
302 4002 340 4050 ex
366 3977 521 4048 universa
546 3975 759 4074 philosophia
783 4001 902 4050 rerum
927 3977 1061 4048 uberri-
