2828 5098
688 488 906 562 -tto—
1033 497 1037 504 “

313 685 499 756 scribendis
514 683 764 779 philosophiam
780 659 948 755 ¹tradidit?
985 683 1160 774 Inventor,
1181 686 1288 754 utui-

313 807 444 897 dimus,
461 807 621 879 Socratici
643 806 769 900 dialogi
791 805 888 878 Plato
912 805 988 878 fuit.
1015 805 1104 876 Turn
1115 805 1205 876 illud
1213 818 1288 876 erat

312 930 349 998 in
365 932 438 1022 ejus
455 927 718 1024 philosophandi
741 929 871 1000 ratione
885 951 1023 1017 novum,
1034 926 1129 1023 quod
1137 926 1203 998 hac
1211 928 1288 1022 ipsa

313 1051 509 1146 rrsurpanda
525 1051 651 1146 dialogi
668 1053 865 1148 scriptione,
886 1075 956 1122 non
976 1076 1071 1122 suam
1090 1051 1203 1140 unice,
1224 1049 1287 1120 scd
1408 1115 1409 1124 ,

312 1175 348 1244 in
374 1176 492 1270 primis
510 1177 735 1246 wmaximorum
759 1197 975 1271 quorumque
990 1173 1289 1270 philosophorum,

313 1298 374 1397 qui
394 1309 527 1368 etanta
549 1321 629 1370 eum
651 1297 784 1367 fuerant
802 1309 837 1368 et
855 1298 962 1392 ipsius
982 1309 1093 1368 aetate
1111 1294 1289 1391 vigebant,

312 1419 502 1492 doctrinam
525 1443 604 1490 cum
618 1419 848 1510 adumbraret,
872 1432 948 1490 tum
967 1419 1182 1514 dijudicaret.
1211 1419 1290 1508 Quo
1409 1388 1410 1436 Ξ

312 1542 378 1632 fit,
399 1555 439 1612 ut
460 1554 610 1636 praestet
632 1547 706 1637 ejus
728 1543 945 1639 philosophia
967 1541 1212 1612 admirabiliter
1234 1565 1292 1612 re·

312 1688 391 1734 rum
411 1666 724 1761 sententiarumque
746 1667 842 1763 copia
864 1677 899 1736 et
918 1666 1091 1755 varietate,
1107 1663 1292 1735 abhorreat

311 1785 413 1881 plane
432 1811 451 1856 a
472 1789 765 1883 systematicorum
789 1786 1071 1885 philosophorum
1089 1787 1288 1881 jejunitatc.
1410 1787 1411 1798 ’

312 1907 380 1979 sed
407 1907 473 1980 hoc
500 1909 805 1982 animadvertamus
827 1910 1021 2006 praecipue.
1072 1909 1289 1998 Socraticus,

312 2043 353 2102 ut
381 2030 550 2122 diximus,
577 2031 801 2126 philosophus
831 2030 930 2102 Plato
952 2029 1029 2100 fuit.
1079 2029 1119 2100 In
1142 2029 1291 2100 aliorum

313 2155 418 2245 igitur
440 2151 722 2247 philosophorum
745 2154 921 2224 sententiis
942 2151 1159 2247 exquirendis
1178 2165 1213 2222 et
1239 2151 1291 2222 di·

308 2273 526 2368 judicandis,
550 2297 775 2369 quaecunque
796 2274 990 2346 assumebat
1019 2275 1124 2364 inde,
1145 2273 1191 2345 ad
1201 2274 1292 2346 hanc

312 2396 490 2491 redigebat
518 2397 723 2469 Socraticam
760 2399 937 2489 rationem,
960 2411 1000 2470 ut
1022 2393 1155 2472 ssiteta
1178 2397 1290 2468 homi-

313 2520 366 2590 nis
395 2519 497 2615 plane
527 2523 601 2614 ejus
630 2517 847 2615 philosophia
870 2531 980 2610 esset,
1003 2544 1072 2591 non
1098 2517 1204 2591 ducta
1228 2519 1291 2590 illa

313 2642 424 2714 solum
451 2665 470 2712 e
503 2641 647 2714 Socratis
681 2641 871 2736 principiis,
894 2640 955 2710 sed
973 2641 1118 2713 aliorum
1140 2653 1175 2710 et
1195 2639 1290 2710 cele·
1412 2681 1413 2738 3

313 2764 539 2835 herrimorum
567 2761 653 2831 adeo
675 2762 869 2854 sapientum
892 2761 1026 2856 placitis
1048 2787 1088 2834 ac
1109 2761 1289 2834 sententiis

313 2897 413 2956 aucta
443 2895 478 2953 et
508 2881 728 2976 locupletata.
778 2881 895 2954 Effecit
918 2895 1033 2954 autem
1055 2885 1123 2976 ita,
1145 2895 1185 2954 ut
1207 2882 1292 2980 phi-

313 3003 467 3101 losophia
488 3003 582 3099 apud
601 3005 714 3100 ipsum
742 3028 811 3078 uno
833 3005 1022 3100 eodemque
1043 3019 1161 3079 tenore
1172 3019 1209 3078 et
1219 3031 1293 3079 cer·

316 3140 351 3201 ta
370 3127 518 3225 quadam
540 3127 594 3198 via
616 3126 827 3222 procederet.
876 3129 961 3199 Nam
983 3129 1027 3199 ah
1049 3130 1182 3200 artibus
1201 3154 1292 3222 orsa,

314 3275 402 3346 quae
428 3249 589 3346 pulcrum
609 3261 786 3345 spectant,
826 3249 869 3322 ad
895 3250 1090 3347 disciplinas
1113 3253 1292 3347 procedit,

316 3373 444 3468 quihus
468 3372 513 3443 ad
534 3372 711 3442 veritatem
730 3371 976 3468 assequendam
996 3373 1191 3445 erudimur:
1208 3375 1294 3448 hinc

316 3506 432 3565 antem
453 3494 498 3564 ad
521 3493 693 3564 verissima
712 3494 843 3566 ethicae
860 3495 969 3565 omnis
980 3506 1015 3566 et
1027 3496 1186 3591 politicae
1196 3498 1293 3592 prin-

316 3617 405 3711 cipia
426 3615 557 3707 tendit,
582 3617 707 3711 quihus
730 3618 875 3688 maxime
892 3630 927 3688 et
949 3617 1126 3700 hominum
1147 3631 1183 3690 et
1208 3622 1288 3692 civi·
1319 3629 1324 3642 “

317 3751 427 3810 tatum
453 3737 595 3812 felicitas
618 3741 831 3837 provehitur.
877 3741 1067 3833 Cernimus,
1088 3743 1292 3826 nonlorma

316 3861 447 3950 solum,
480 3861 542 3931 sed
571 3873 605 3932 et
635 3863 775 3932 materia
801 3864 836 3932 in
857 3865 1046 3959 primisque
1067 3865 1186 3936 ordine
1211 3866 1294 3962 phi-

205 4019 208 4028 *
314 3982 514 4080 losophandi
542 4008 663 4055 novam
698 3983 802 4057 luisse
827 3985 940 4080 plane,
967 3985 1124 4058 Platonis·
1137 3987 1292 4082 philoso-
