2824 5084
474 492 713 584 free-

104 695 248 782 jungere
284 689 491 760 debuerunt.
541 688 625 762 Rem
651 689 768 785 paullo
798 689 991 766 distinctim
1017 715 1081 766 cx·

106 813 284 906 plicemus.
525 893 530 905 ,
989 811 991 822 ’

155 933 371 1032 Philosophia
387 933 558 1040 Platonica
576 948 711 1008 nostrae
735 959 804 1008 non
828 937 985 1008 convenit
1004 937 1081 1032 phi·

105 1054 309 1152 losophandi
324 1057 459 1128 rationi.
496 1056 572 1129 Non
595 1057 776 1130 scribimus
794 1081 855 1129 nos
875 1069 916 1130 ut
935 1056 1082 1134 Platore
1167 1075 1178 1090 ‘

104 1181 265 1252 Socratici
294 1179 464 1273 dialogos,
497 1180 558 1252 scd
583 1179 774 1254 Aristotelis
795 1183 902 1252 instar
921 1181 1081 1277 disquisi-

104 1305 214 1374 tiones
234 1315 269 1374 et
290 1303 397 1376 libros
411 1304 603 1378 scribimus.
639 1304 769 1393 Quodsi
792 1304 828 1376 id
847 1304 923 1376 Itali
934 1304 1081 1378 subinde

103 1426 233 1521 aliique
259 1425 423 1523 Europaei
447 1439 642 1518 tentarunt,
670 1427 778 1500 fornia
798 1427 849 1500 illi
869 1426 1081 1522 dialogorum

70 1575 73 1582 ’
106 1548 213 1620 veluti
231 1549 454 1622 investierunt
470 1550 595 1646 placita
612 1575 652 1622 ac
669 1551 804 1624 decreta
824 1575 898 1643 aua,
916 1576 984 1624 nou
1003 1553 1080 1648 ipsi,

105 1685 145 1742 ut
169 1671 266 1744 Plato
288 1662 491 1770 antiquum,
509 1674 554 1744 ad
570 1647 812 1770 inquirendum
824 1675 1081 1747 inveniendum·

103 1817 173 1889 que
204 1794 294 1866 hane
313 1794 456 1866 formam
477 1809 696 1892 usurparunt.
738 1796 885 1869 Omnino
908 1797 1082 1892 syntheti-

103 1943 143 1990 ca
173 1920 301 2012 magis,
332 1943 438 2016 quam
462 1918 630 2014 analytica
661 1919 833 1992 scribendi
857 1931 972 1992 nostra
996 1921 1082 1992 ratio

103 2055 168 2116 est.
194 2041 294 2114 Urule
317 2041 520 2116 difficillima
540 2040 638 2114 nobis
656 2066 709 2138 res
726 2055 791 2132 est,
810 2054 902 2114 recte
914 2040 1083 2134 intellige·
1201 2085 1203 2092 ι

104 2189 141 2236 re
160 2166 354 2238 Platonem:
379 2166 561 2258 ecfatam,
582 2191 663 2240 cum
683 2169 834 2262 primum
850 2165 916 2238 hoc
933 2165 1083 2238 stadium

64 2365 67 2370 ,
103 2279 319 2382 ingrederer,
340 2290 462 2381 legisse
476 2278 535 2360 me
555 2289 715 2362 lubenter
733 2303 768 2360 ct
789 2291 912 2383 magna
924 2289 1010 2361 adeo
1018 2313 1084 2360 vo-

51 2453 57 2458 -
103 2413 240 2504 luptnte
263 2407 413 2478 Platonis
437 2407 603 2500 dialogos,
624 2409 688 2478 sed
711 2432 780 2478 non
804 2410 1010 2482 intellexisse
1021 2435 1083 2503 'sa-

105 2533 163 2602 tis.
213 2529 302 2602 Tum
335 2552 393 2600 eos
426 2528 566 2602 demum
590 2527 780 2622 intelligere
803 2543 965 2625 recteque
982 2535 1084 2602 aesti-
1190 2522 1197 2536 ’

105 2675 200 2726 mane
223 2653 338 2748 coepi,
361 2663 544 2747 postquam
560 2651 697 2747 saepius
722 2649 841 2723 eorm'n
857 2653 1005 2748 repetita
1014 2653 1083 2725 lec,

105 2778 217 2865 tione,
238 2776 275 2846 in
299 2775 409 2870 ipsam
430 2774 669 2847 meinsinmre
679 2773 827 2846 ancoris
838 2787 989 2846 mentem
999 2779 1084 2848 scri-

104 2897 279 2992 bendique
303 2909 339 2968 et
362 2895 627 2994 philosophandi
647 2897 813 2971 rationem
823 2897 1020 2971 didiceram.
1044 2899 1083 2972 ld

105 3033 220 3095 autem
239 3021 300 3114 qui
326 3019 571 3113 neglexerunt,
591 3019 713 3115 quidni
736 3043 916 3114 perperam
928 3021 1099 3126 judicarex

105 3145 151 3214 de
186 3143 322 3238 scriptis
358 3143 502 3238 ipsaque
535 3141 753 3238 philosophid
777 3142 927 3216 Platonis
951 3143 1083 3216 debuew

104 3263 215 3340 runt?
264 3266 368 3338 Porro
399 3268 586 3338 doctrinas
615 3287 678 3336 uos
699 3287 871 3336 mamus:
893 3265 943 3338 sic
966 3277 1080 3342 autom

105 3413 277 3470 amamm.
309 3400 370 3478 ut,
397 3386 568 3483 quidquid
590 3385 774 3460 excolimus
802 3386 1022 3481 diligentius,
1045 3389 1078 3462 id

106 3534 182 3582 esse
205 3510 393 3584 doctrinam
417 3522 599 3606 putemusr
629 3520 717 3582 artes
739 3507 845 3599 adeo,
870 3509 984 3604 quoad
1008 3513 1081 3605 ejus

105 3621 184 3706 lieri
213 3644 349 3729 potest,
370 3634 602 3714 doctrinarum
624 3634 730 3708 instar
752 3621 897 3706 tractare
921 3633 1081 3708 solemus.

105 3759 184 3847 Quo
203 3757 246 3828 fit
269 3770 308 3828 ut
327 3757 437 3853 ipsam
458 3755 711 3852 philosophiam
721 3753 777 3825 vel
788 3767 942 3828 constare
951 3757 1082 3830 doctri·

108 3883 161 3952 nis
174 3929 189 3971 ‚v
206 3881 261 3951 vel
283 3904 357 3952 esse
378 3881 555 3952 scientiam
574 3879 816 3952 existimemus.
857 3877 920 3950 Vix
933 3879 1083 3973 suspica-

109 4028 186 4074 mur
201 4001 329 4096 igitur,
360 4001 444 4095 quid
464 4001 552 4074 illud
571 4002 640 4092 sit,
664 4001 758 4096 quod
769 4001 902 4096 antiqui
913 3999 1085 4092 dixerunt,
