2828 5098
493 467 740 546 ---119---λ

21 723 22 728 ,
116 677 279 728 muralem
301 653 572 752 philosophiam,
595 685 682 756 qnae
706 662 750 732 ad
768 663 936 756 justitiam
958 675 994 731 et
1018 663 1088 730 vir-

115 791 226 851 tutem
260 779 423 872 duceret,
445 781 604 854 tradidit:
626 787 662 854 in
695 761 884 882 Symposio
906 796 1020 854 autern
1042 783 1088 856 de

112 923 249 992 amore,
270 902 425 998 principe
447 903 507 976 illo
529 906 566 975 in
588 907 732 978 Socratis
755 908 911 980 doctrina
935 907 1021 996 loce,
1039 909 1088 980 sie

111 1022 198 1122 data
222 1026 325 1120 operat
348 1027 440 1118 egit,
464 1040 503 1098 nt
526 1029 664 1102 intimos
687 1054 841 1126 quosque
858 1029 1000 1100 hnmani
1020 1029 1086 1098 ani-

109 1147 162 1220 mi
193 1170 310 1220 sensus
343 1147 539 1242 indagaret,
573 1176 614 1224 ex
638 1155 756 1248 ¹iisque
783 1176 920 1224 omnem
947 1149 1088 1221 duceret

110 1267 384 1364 philosophiam,
418 1273 528 1368 ipsam
560 1274 642 1346 inde
672 1274 814 1348 duceret
844 1287 879 1346 et
901 1271 1087 1346 declararet

109 1391 266 1464 idearum
290 1391 479 1465 doctrinam
500 1395 514 1492 (
536 1393 562 1493 )

160 1515 253 1614 llaec
285 1515 432 1586 tenenda
459 1519 497 1588 in
528 1519 647 1613 primis
668 1519 712 1590 (16
736 1519 884 1590 Platonis
907 1517 1088 1612 disciplina

110 1650 145 1707 et
177 1638 394 1710 institutione
425 1638 603 1730 videntur,
629 1654 691 1734 ut,
716 1642 826 1736 qualis
856 1641 915 1712 ille
937 1639 1088 1736 phileso-

20 1845 22 1848 .
111 1757 205 1855 phns
228 1759 349 1852 luerit,
372 1761 630 1856 perspiciamus.
682 1762 784 1833 Haud
806 1763 907 1834 desiit
929 1785 1004 1834 esse
1027 1763 1087 1832 So-

110 1883 279 1973 cratinus,
310 1883 442 1954 etiamsi
476 1907 513 1954 se
536 1895 649 1954 totum
669 1883 853 1980 aliquando
875 1887 1010 1978 vigente
1032 1907 1088 1952 ae-

110 2017 180 2080 tate
216 2005 443 2079 Eleatieorurn
475 2005 713 2107 philosophiae
746 2007 855 2078 daret.
905 2007 944 2077 ln
969 2004 1118 2112 mediis⁴

110 2129 162 2202 his
195 2128 490 2226 disquisitionibus
520 2132 707 2227 spectarit,
742 2130 837 2226 qnod
865 2131 968 2202 unice
991 2151 1089 2226 spec·

109 2265 183 2324 tare
206 2254 359 2324 Socrates
383 2237 535 2342 solebat,
559 2253 645 2348 quid
671 2255 861 2349 pulcram,
894 2251 981 2349 quid
1000 2258 1089 2348 jas-

110 2387 204 2464 turn,
227 2373 313 2468 qnid
334 2377 371 2443 in
390 2377 509 2468 primis
532 2380 655 2446 bonnm
677 2389 784 2462 essct,
807 2401 887 2446 nam
910 2376 1088 2448 haeideac

107 2509 211 2586 sunt,
246 2494 290 2564 de
324 2495 451 2590 quibus
485 2495 521 2564 in
546 2495 767 2566 Parmenides
787 2497 961 2567 subtiliter
983 2519 1087 2594 quae·
1133 2591 1135 2598 y

109 2621 166 2690 rit.
203 2618 386 2712 erumque
408 2616 571 2712 deinceps
595 2619 631 2687 in
654 2618 806 2688 animum
829 2616 1007 2711 induceret
1025 2619 1087 2692 Tt-

111 2767 248 2812 anacam
268 2740 427 2830 scribere,
451 2741 499 2810 sic
517 2738 688 2810 dicentem
708 2739 789 2810 fecit
800 2740 1088 2836 Pythagoreorum

113 2864 205 2936 hunc
225 2865 378 2936 omnium
398 2847 660 2934 disertissimum
679 2874 715 2952 ct
734 2864 1022 2960 sapientissimum
1043 2867 1087 2939 de

112 2987 201 3078 Deo,
239 2986 284 3056 de
319 2985 449 3058 mundo
483 2997 587 3079 atque
621 2983 666 3054 de
696 2983 842 3056 hominis
872 2990 1017 3078 natural,
1047 3004 1087 3062 ut
1132 3055 1135 3062 .

112 3111 221 3182 Deum
254 3109 399 3204 fingeret
430 3109 475 3178 ad
510 3111 592 3180 boni
620 3109 739 3178 ideam
768 3107 892 3178 rudem
911 3113 1087 3184 materiam

66 3248 68 3253 ·
112 3232 154 3302 ad
188 3232 295 3322 hanc,
327 3255 414 3328 qnae
436 3231 555 3321 adest,
582 3231 731 3325 speciem
754 3243 789 3302 et
815 3231 1086 3328 pulcritudinem

114 3356 361 3430 informantem.
412 3355 638 3448 lrrtelligimus
668 3352 750 3424 hinc
779 3355 882 3446 satis,
908 3379 977 3427 non
999 3383 1083 3430 een-

113 3478 242 3551 tudisse
272 3479 448 3552 Platonem
479 3479 628 3549 diversas
660 3477 829 3550 variorum
858 3477 1085 3578 philosopho-

113 3628 190 3676 nrm
223 3602 413 3690 doctrinas,
449 3602 510 3674 sed
544 3601 723 3692 hahuisse,
756 3601 850 3696 qued
886 3618 1085 3700 sequeretur

115 3740 327 3817 constanter,
361 3736 493 3798 certum
527 3725 719 3797 studiorum
742 3724 816 3794 iter.
870 3725 1086 3823 Verumque

111 3905 169 3918 *uu—-
175 3907 339 3921 ...w-‚muu—

147 3997 183 4066 (Ἴ
202 4003 287 4066 Symp.
305 4015 329 4064 p.
350 3997 496 4048 ate-ata.
