2824 5084
362 860 440 954 Quo
463 881 528 929 nos
553 860 616 926 oio
639 863 675 924 et
698 851 840 922 ratione
865 845 942 932 ost,
967 866 990 908 o
1013 837 1245 933 spoeretismo

458 1005 522 1052 nos
535 983 734 1074 proestare
759 973 932 1040 immunes
942 953 1156 1060 possumus?

364 1149 539 1224 Utendum
576 1147 692 1218 critica
727 1152 800 1230 est,
833 1159 935 1232 quam
969 1133 1021 1202 illi
1057 1127 1294 1222 neglexerunt.
1399 1169 1403 1220 ,

316 1275 384 1348 Sed
407 1297 490 1364 nos,
515 1283 555 1342 ut
579 1269 616 1340 id
640 1268 741 1364 plane
762 1255 1180 1360 perspiciamuS,prin1um
1191 1273 1297 1347 quae-

317 1424 454 1490 ramus,
465 1391 755 1493 quemadmodum
773 1388 889 1460 critica
911 1385 956 1455 sit
971 1377 1209 1477 philosophiae
1227 1387 1296 1446 stu·

228 1523 230 1536 '
317 1524 375 1593 dio
406 1516 622 1606 adhibenda,
652 1527 728 1584 tum
751 1513 990 1582 criticismcm
1011 1515 1103 1574 reete
1129 1501 1296 1598 apttto-

318 1647 472 1742 sophia,
494 1663 583 1736 quae
606 1631 709 1730 vulgo
727 1634 866 1721 dieitur,
884 1633 1015 1702 criden
1033 1625 1296 1718 distinguamus.
1401 1623 1403 1674 t

367 1768 512 1857 Critica,
529 1776 569 1836 ut
588 1765 703 1858 ipsum
719 1757 846 1829 indicat
863 1776 1008 1841 nomen,
1025 1748 1228 1846 primarium
1238 1744 1297 1815 ha·
1401 1807 1402 1840 Ξ

319 1894 379 1964 bet
408 1889 579 1964 cernendi
601 1906 747 1956 munus:
770 1879 900 1969 cernit,
924 1898 1011 1972 quae
1033 1897 1098 1944 nec
1118 1852 1201 1944 satis
1223 1894 1243 1939 a
1263 1889 1297 1940 se

319 2015 465 2085 invicem
487 2010 650 2080 distincta
670 2017 752 2077 sunt
769 2025 833 2074 neo
857 2013 949 2072 recte
972 2009 1153 2094 propterea
1168 1993 1296 2090 percipi

321 2137 534 2228 intelligique
554 2142 714 2225 possunt:
736 2127 844 2196 cernit
865 2126 901 2192 in
922 2123 1042 2217 primis
1065 2119 1147 2190 falsa
1167 2116 1296 2204 aretis,

321 2255 504 2352 quominus
532 2253 574 2336 ¹in
599 2245 797 2343 judicandis
834 2245 938 2314 rebus
977 2243 1063 2314 falsd
1093 2241 1162 2312 veri
1184 2238 1295 2334 specie
1401 2239 1402 2254 ¹

323 2376 545 2472 decipiamur.
595 2367 838 2442 Adhibuerunt
860 2389 934 2437 eam
946 2367 1096 2462 primum
1107 2359 1299 2459 philosophi

323 2502 456 2595 virique
483 2495 610 2566 literati
639 2493 775 2589 scriptis
802 2489 1067 2584 interpretandis
1088 2485 1302 2582 superiorum
1402 2529 1403 2546 i

325 2635 486 2696 aetatum.
537 2615 592 2690 dd
616 2641 726 2711 quam·
743 2637 817 2684 rem
835 2593 1086 2708 suscipiendam
1108 2621 1149 2680 ut
1170 2609 1302 2701 signum
1401 2637 1402 2640 ¹

326 2745 487 2832 sustulit,
517 2740 612 2835 quod
644 2761 747 2834 supra
776 2737 995 2824 monuimus,
1014 2731 1234 2804 Aristoteles:
1255 2729 1303 2798 ita

327 2867 436 2940 secuti
454 2865 547 2934 huno
567 2862 603 2930 in
624 2857 798 2955 praeclaro
820 2858 886 2928 hoc
906 2855 1022 2926 studio
1041 2867 1123 2925 sunt
1134 2853 1305 2949 principes

328 2987 437 3062 critici
459 2983 699 3072 Alexandrini,
723 2978 966 3076 Aristophanes
989 2976 1189 3074 Byzantius,
1213 2974 1308 3056 Aris·
1401 3009 1402 3020 κ

329 3111 480 3200 tarchus,
507 3106 577 3176 alii.
622 3104 737 3174 Patuit
759 3115 874 3174 autern
896 3099 1032 3173 criticae
1051 3102 1103 3172 vis
1124 3112 1160 3170 et
1177 3098 1307 3168 utilitas

330 3209 575 3306 recentioribus
603 3228 802 3320 praesertim
824 3223 1045 3322 temporibus.
1099 3223 1183 3293 Nam
1205 3245 1286 3292 cum
1298 3273 1308 3310 ,

333 3353 437 3426 medii
455 3353 528 3424 aevi
548 3347 701 3421 socordia
724 3373 763 3420 ao
785 3346 963 3436 barbarie,
989 3346 1143 3440 neglecta
1163 3344 1308 3416 finissent

333 3503 472 3574 prorsus
484 3474 714 3568 antiquorum,
728 3471 964 3566 Orientalium,
976 3445 1184 3540 Graeculum
1194 3479 1231 3538 et
1242 3468 1308 3538 Ro-

335 3624 512 3670 manorum
542 3609 783 3684 monumenta,
811 3595 936 3664 renatis
958 3594 1065 3665 literis
1082 3591 1306 3681 exstiterunt,
1403 3578 1404 3586 ἵ

336 3723 396 3819 qui
432 3743 470 3790 ea
495 3720 729 3815 exquirerent,
751 3719 788 3788 in
808 3717 922 3788 lucem
941 3717 1172 3812 producerent
1198 3716 1310 3786 denuo

336 3857 442 3940 atque
467 3852 547 3936 apta
575 3841 756 3936 oritioaque
784 3840 1064 3936 interpretatione
1093 3840 1312 3935 explicarent.

339 3969 377 4044 ln
402 3965 527 4063 quihus
540 3963 605 4034 hoc
620 3965 755 4034 criticae
763 3963 878 4034 studio
889 3962 958 4033 dici
979 3964 1034 4033 vix
1045 3975 1157 4057 potest
1167 3975 1315 4056 quanto·
