2828 5098
439 450 682 522 .-159-
751 441 755 460 ¹

91 653 339 738 tribuerentur,
384 674 446 720 uec
486 647 706 736 miscerentur
738 646 944 742 disputando
975 653 1057 722 scri·

90 775 269 870 bendoque
294 773 420 844 omnia:
450 772 542 844 unde
569 797 687 844 norma
710 772 840 842 exstitit
862 771 1057 846 disserendi.

89 897 179 985 Quin
205 897 308 966 etiam
331 894 421 964 idem
444 895 502 964 ille
528 919 596 966 non
618 895 708 988 leges
732 895 843 966 solum
866 909 1060 990 praecepta-

88 1044 156 1116 que
180 1018 294 1089 dedit:
320 1019 393 1114 ipse
417 1020 505 1088 riam
530 1019 674 1114 praeivit
698 1018 875 1107 omuibus,
900 1020 961 1112 qui
972 1031 1061 1090 recte

86 1143 246 1216 excolere·
262 1141 431 1212 doctrinas
468 1141 667 1231 studerent,
692 1142 873 1236 praeclaris
894 1143 961 1214 illis
983 1144 1062 1214 scri-

87 1264 221 1355 bendis,
246 1288 334 1358 quae
357 1264 529 1358 hodieque
550 1277 691 1352 restant,
716 1264 759 1334 de
778 1264 957 1356 rhetorice,
978 1265 1062 1361 poli-

88 1391 153 1461 tica
179 1401 213 1458 et
237 1388 349 1458 ethica
374 1388 546 1484 operibus.

136 1510 197 1580 His
236 1521 351 1580 autem
386 1511 516 1580 cunctis
549 1508 740 1580 [actitandis
775 1535 854 1582 cum
885 1501 1061 1580 adhiberit

88 1631 288 1702 admirabile
327 1631 563 1725 perscrutandi
598 1631 858 1726 inveniendique
897 1657 1060 1724 acumen,

89 1779 156 1825 non
191 1755 335 1841 mirum,
372 1753 498 1822 multos
530 1753 719 1846 antiquitus
744 1753 867 1843 fuisse,
892 1779 960 1825 non
984 1756 1061 1826 rhe-

90 1889 181 1946 tores
214 1876 343 1965 solum,
381 1875 455 1946 sed·
469 1871 690 1970 philosophos
721 1875 826 1966 adeo,
860 1901 945 1970 quos
964 1880 1061 1949 »scri-

89 1997 340 2092 bendi,'quam
365 1995 569 2091 carpebant,
588 1996 776 2068 obscuritas
791 1998 955 2091 rejiceret.
986 1975 1061 2087 Qua

89 2121 131 2192 de
155 2143 203 2191 re
220 2119 446 2191 memorabilis
475 2120 511 2187 in
531 2119 650 2214 primis
672 2119 765 2215 apud
790 2119 985 2192 Ciceronem
1008 2121 1062 2193 lo-

89 2268 148 2314 cus
174 2255 244 2332 est,
270 2242 331 2312 ubi
354 2241 398 2310 ad
419 2240 617 2310 Trebatium
637 2241 681 2312 de
705 2238 850 2338 Topicis
872 2242 1063 2316 Aristotelis

86 2365 220 2436 scribit.
272 2361 461 2447 Incidisti,
498 2359 664 2442 Trebati,
699 2369 739 2434 in
763 2365 970 2438 Aristotelis
996 2367 1065 2440 To-

82 2491 176 2582 pica
199 2485 382 2580 quaedam,
406 2507 493 2579 quae
510 2493 594 2554 sunt
615 2487 660 2554 ab
682 2487 748 2556 illo
763 2478 935 2581 pluribus
956 2491 1065 2562 libris

88 2613 286 2706 erptieata.
342 2606 421 2702 Quo
449 2609 688 2702 inscriptione
717 2619 925 2701 commotus,
948 2591 1093 2684 conrt-‘

90 2745 159 2805 utro
192 2757 216 2802 a
243 2757 297 2802 me
336 2755 459 2804 corum
487 2732 664 2802 librorum
696 2737 907 2806 sententiam
940 2742 1067 2834 requi-

90 2859 183 2926 sisti.
239 2853 352 2948 Quam
385 2855 453 2926 tibi
483 2879 587 2950 qaum
616 2859 873 2951 reposuissem,
898 2861 1067 2956 discipli·

63 3057 67 3068 .
91 2999 191 3048 aam‘
210 2977 505 3048 inveniendorum
529 2987 824 3083 argumentorum
850 2982 958 3051 libris
986 2983 1066 3052 illis

92 3104 290 3180 contineri,
314 3125 467 3178 mecum,
489 3109 531 3170 ot
550 3101 618 3170 titi
637 3100 741 3170 illam
763 3103 959 3192 truderent,
972 3106 1067 3200 egis.

93 3229 134 3294 ti.
182 3222 296 3317 Quem
330 3233 446 3294 autem
472 3235 537 3319 ego
559 3231 610 3303 te,
636 3223 693 3292 aet
716 3233 758 3294 ut
780 3249 837 3294 eos
856 3248 929 3318 per
952 3235 984 3296 te
1009 3230 1067 3321 ip·

91 3373 127 3416 se
163 3349 320 3442 legeres,
353 3346 411 3415 eet
445 3355 485 3416 ut
518 3354 627 3416 totam
660 3349 836 3416 rationem
859 3371 883 3415 u
905 3347 1066 3419 doctissi-

76 3497 147 3546 .mo
171 3471 320 3566 quodum
345 3467 491 3540 rhetore
513 3472 717 3566 acciperes,
744 3471 909 3571 hortatos
931 3497 1066 3544 essem:

90 3605 280 3690 utrumque
315 3617 352 3663 es
385 3601 566 3688 copertus.
621 3591 696 3662 Sed
717 3617 741 3662 a
761 3589 870 3664 tibris
893 3605 926 3666 te
948 3599 1067 3668 obsere-
1125 3669 1128 3678 ,

92 3723 191 3791 ritas
217 3721 356 3812 rejecit.
407 3711 549 3788 Rhetor
571 3717 770 3787 artemide
792 3741 942 3814 magnus
962 3719 1064 3796 baec,

92 3851 133 3912 at
166 3844 314 3937 opinor,
351 3837 585 3910 Aristotelian
612 3863 647 3908 se
669 3842 843 3936 ignorare
865 3841 1063 3936 respondit.

98 3961 201 4056 Quod
220 3963 361 4058 quidem
382 3965 527 4032 minime
549 3987 626 4032 sum
648 3963 862 4053 admiratus,
881 3989 959 4036 eum
976 3963 1063 4058 plri-
