2836 5080
469 862 544 957 Quo
567 873 729 960 spectant
750 867 903 934 manime
928 861 1187 955 Aristophanis

755 983 902 1057 Nubes?

393 1157 469 1229 Alia
493 1156 633 1228 fuerunt
658 1158 826 1252 longeque
845 1159 971 1250 maj0ra
995 1166 1149 1224 veterum
1173 1153 1315 1226 cominu

346 1291 441 1371 rum,
474 1303 577 1374 quam
611 1280 860 1368 recentiorum,
884 1279 921 1347 in
944 1274 1196 1348 conseribendis
1221 1273 1316 1344 fabu-

345 1404 407 1496 lis,
434 1401 584 1474 consilia.
633 1403 816 1472 Nemeum
832 1399 869 1468 hi
887 1399 984 1470 uobis
1005 1421 1114 1470 mores
1137 1395 1317 1468 hominum

346 1529 520 1618 vitamque
548 1524 715 1619 privatam
744 1533 1013 1616 repraesentent,
1049 1520 1179 1613 antiqui
1210 1519 1263 1587 illi
1284 1531 1318 1588 et

347 1647 522 1746 publicam
551 1647 655 1714 vitam
675 1656 710 1715 et
730 1667 783 1715 res
802 1644 946 1714 civitatis
963 1643 1172 1736 gravissimas
1193 1640 1317 1732 attige-

347 1782 440 1842 runt.
490 1767 564 1856 Qua
593 1769 630 1836 in
662 1789 700 1835 re
727 1766 945 1836 vehementer
967 1779 1156 1836 nocuerunt
1177 1765 1320 1860 optime
1348 1792 1350 1796 ·

349 1917 426 1966 rum
448 1893 551 1962 etiam
571 1889 697 1961 civium
715 1887 824 1959 samue
844 1901 879 1958 et
894 1889 1322 1975 existimationi3verunta-

351 2039 431 2087 men
460 2037 539 2085 oum
569 2012 651 2081 vitia
679 2010 825 2081 subinde
846 2009 1055 2104 reipublicae
1075 2009 1216 2079 latentia
1235 2030 1321 2102 ape-

352 2148 512 2226 ruerunt,
533 2145 609 2204 tum
626 2132 776 2228 perditos
796 2133 880 2202 item
899 2133 1010 2223 cives,
1034 2133 1094 2227 qui
1114 2131 1158 2202 ad
1176 2131 1323 2228 pessima

352 2279 508 2354 quaeque
538 2254 677 2350 plebem
704 2253 901 2345 trahebant,
933 2253 978 2325 ad
1006 2277 1121 2324 veram
1137 2253 1260 2349 populi
1274 2275 1322 2323 sa·

353 2379 761 2475 Intemperstrinxemnt
792 2379 943 2474 publice.
993 2378 1062 2473 Ipsi
1096 2375 1181 2448 adeo
1204 2375 1323 2446 comici

354 2507 476 2600 poiitae
492 2503 528 2572 in
546 2501 784 2598 phethusim,
807 2514 979 2574 oratorum
998 2499 1100 2597 plane
1122 2499 1246 2588 instar,
1262 2520 1324 2594 po·

354 2625 477 2721 pulum
512 2623 793 2719 alloquebantm·‚
825 2635 967 2718 eratque
993 2631 1114 2693 eorum'
1133 2619 1238 2691 oratio
1255 2642 1325 2690 non

354 2751 487 2836 minus,
506 2771 609 2841 quam
633 2746 771 2816 Periclis
799 2748 949 2840 primum
975 2769 1016 2816 ae
1040 2743 1165 2814 deinde
1185 2743 1325 2812 Demos-

356 2867 488 2956 thenis,
518 2867 574 2936 ad'
595 2867 872 2939 commovendum
892 2856 1063 2971 ciuitatem
1081 2866 1210 2936 efficax.
1260 2866 1326 2936 lta·

346 3009 425 3084 'que
458 2985 552 3057 haud
585 2989 739 3081 ignotum
757 3015 836 3060 cum
856 2991 892 3059 in
909 2991 983 3060 aliis
1006 2989 1144 3084 populis
1165 2988 1323 3080 Graecis,

356 3124 433 3182 tum
458 3111 495 3178 in
526 3109 601 3206 ipsh
618 3112 707 3204 regis
727 3111 851 3184 Persici
871 3113 968 3202 uult,
993 3109 1230 3207 Aristophanis
1254 3123 1325 3180 erat

238 3222 239 3226 ¹
357 3256 499 3324 nomen,
534 3237 632 3328 eujus
659 3235 790 3330 quippe
817 3234 953 3307 subulae
975 3235 1011 3303 in
1031 3258 1084 3306 res
1107 3233 1324 3305 Atheniensi·
1409 3257 1410 3266 ³

358 3377 418 3425 um
441 3355 555 3426 civiles
576 3367 612 3425 et
631 3355 787 3450 politicas
807 3359 877 3428 vim
894 3336 1325 3451 habebant'gravissimurn.

360 3520 459 3598 Οὕτω
478 3521 508 3598 δ’
519 3529 620 3598 αὐτοῦ
638 3527 710 3622 περ)
729 3529 788 3612 τῆς
808 3525 930 3620 τόλμης
949 3523 1012 3617 h'hn.
1025 3524 1128 3623 rto‘p'p‘cr
1145 3525 1238 3605 κλέος
1250 3522 1329 3615 ἥκει,

358 3644 416 3721 ’ὅτε
438 3647 494 3720 καὶ
516 3645 697 3743 βασιλεὺς,
720 3646 977 3744 Λακεδαιμονίων
999 3649 1054 3740 τὴν
1079 3645 1301 3840 mitem?

1094 3787 1096 3792 ·
1175 3773 1271 3819 arari
1293 3773 1330 3818 ων

235 3917 239 3920 ·
360 3863 501 3963 ἦρῶτησέ
522 3875 633 3964 πρῶτα
654 3875 712 3967 μὲν
736 3870 878 3962 αὐτοὺς,
900 3868 1027 3966 πότεροι
1049 3873 1121 3950 ταῖς
1142 3871 1239 3944 ναυσὶ

1138 3974 1329 4063 κρατοῦσιν,
