2836 5080
727 467 938 565 -re-'

347 708 414 774 λοις
443 694 622 790 respondet
652 697 753 788 posite
784 693 876 789 apud
895 692 1114 766 Athenienses
1137 690 1309 785 μεταβού-

346 829 439 896 λουςε

297 1013 299 1018 -
346 963 446 1058 φησὶν
468 957 497 1036 θ’
520 955 596 1034 εἶναι
619 966 746 1036 πολλᾶν
767 958 897 1060 άγαθῶν
921 954 1023 1039 α’θτιος
1036 962 1109 1053 ὑμῖν
1130 959 1311 1050 ὁποιντλς,

347 1089 480 1164 παύσας
501 1087 587 1175 ὑμάς
611 1087 761 1174 ξενικοῖσι
779 1083 890 1182 λόγοις
912 1083 958 1180 μὴ
974 1082 1045 1157 λὶαν
1057 1077 1312 1172 ἓξαπατάοθαι,

348 1202 421 1302 μήθ’
442 1203 574 1296 ἤθετθαι
598 1203 833 1301 θωπευομένους
855 1205 869 1302 (
891 1204 916 1301 ).

349 1357 436 1426 Tum
460 1356 580 1424 etiam:

352 1503 452 1598 φησὶν
476 1498 507 1575 θ’
529 1503 616 1596 ὑμάς
633 1499 747 1575 πολλοὶ
770 1496 909 1590 διδάξειν
930 1496 1049 1599 ἀγάθ’,
1069 1501 1109 1579 ὡς
1127 1493 1315 1605 εὐδαίμονας

477 1691 482 1702 1
561 1697 565 1704 ¹
1187 1603 1316 1686 εἶναι,

354 1722 388 1793 ού
401 1717 555 1810 θωπεύων,
569 1715 633 1793 αὕθ’
645 1720 815 1799 ὑποτείνων,
826 1706 974 1814 μισθούς,
986 1721 1056 1792 οὔτ’
1067 1715 1316 1810 ἐξαπατύλλων,

354 1845 430 1918 οὕτε
450 1845 654 1942 πανουργῶν,
676 1841 751 1914 ούτε
772 1839 955 1939 κατάρδων,
978 1839 1071 1916 duh
1093 1841 1140 1914 τα
1157 1839 1302 1935 βέλτιςοι

989 1971 994 1982 ·
1063 1936 1224 2015 θιθάτοοων
1240 1937 1315 2034 (†).

401 2087 492 2158 Haec
513 2089 620 2158 libere
642 2087 842 2182 profitetur,
867 2088 995 2182 quippe
1016 2088 1075 2182 qui
1099 2110 1167 2157 uon
1178 2085 1316 2156 dubitat

354 2209 398 2279 ad
422 2207 655 2297 Athenienses,
678 2232 766 2302 quae
782 2213 876 2303 justa
898 2222 990 2298 sunt,
1014 2209 1143 2311 dicere:

354 2353 420 2440 θςις
442 2350 726 2450 παρεκινδύνευσεν
743 2350 914 2442 Ἀθηναῖοις
934 2354 1031 2429 εἰπεῖν
1051 2354 1097 2428 τά
1116 2353 1302 2454 θὶνιαια(θ).

403 2526 543 2617 Nescio,
564 2526 648 2622 quid
669 2525 743 2597 aliis
765 2525 937 2596 videatur:
959 2549 1021 2620 ego
1038 2525 1122 2595 mihi
1145 2527 1264 2598 audire
1286 2529 1321 2596 in

355 2649 408 2720 his
429 2649 520 2719 idem
541 2649 669 2737 videor,
691 2647 784 2742 quod
805 2661 921 2742 postea
938 2659 973 2717 et
990 2647 1085 2718 Plato
1096 2649 1133 2716 in
1145 2647 1323 2744 Apologia

359 2773 524 2844 Socratis
544 2783 578 2839 et
595 2769 836 2839 Demosthenes
855 2771 890 2838 in
901 2771 961 2839 suh
974 2771 1047 2865 ipse
1057 2771 1222 2865 apologiA,
1234 2795 1324 2865 quae

358 2893 506 2964 oratione
538 2893 579 2962 de
619 2889 761 2962 Corona
792 2893 1003 2983 continetur,
1037 2893 1143 2964 dixit:
1175 2893 1324 2964 idem‘in

359 3016 427 3087 illis
457 3012 594 3103 candor,
627 3012 745 3083 eadem
778 3011 948 3109 uap’p‘uria,
971 3014 1089 3084 eadem
1110 3017 1262 3086 veritatis
1289 3041 1325 3085 ac

356 3123 509 3234 justitiae
530 3161 604 3207 vox.

411 3261 594 3331 Praecessit
606 3261 653 3328 ita
663 3259 832 3330 Socratem
843 3272 877 3330 et
888 3259 1062 3330 Platonem
1071 3255 1325 3354 Aristophanes:

298 3398 300 3402 ’
364 3382 460 3452 Plato
482 3395 596 3453 autem
618 3380 684 3451 dici
708 3405 776 3451 non
798 3393 923 3475 potest,
943 3393 1110 3476 quantum
1130 3381 1326 3452 inscriben-

356 3504 411 3574 do
431 3503 588 3573 debuerit
611 3503 736 3574 comico
758 3507 891 3598 poie'tae,
903 3526 981 3573 cum
992 3501 1036 3572 ad
1052 3502 1188 3574 dialecti
1198 3502 1328 3574 Atticae
1404 3479 1405 3514 θ

366 3637 600 3716 venustatem,
622 3637 696 3697 tum
712 3610 763 3695 'ad
784 3624 943 3695 dramatis
966 3625 1126 3716 formam,
1152 3625 1196 3696 ad
1226 3626 1329 3698 collu-

368 3749 440 3844 quii
468 3749 710 3842 proprietatem
739 3773 778 3818 ac
806 3746 1010 3838 facilitatem,
1045 3749 1089 3820 ad
1111 3771 1329 3844 personarum
1403 3825 1404 3846 ἢ

275 4071 278 4076 .
402 4023 438 4093 ιν)
456 4025 563 4074 acuam.
582 4024 640 4071 aas.
708 4018 747 4088 (ς)
765 4018 826 4070 itu.
845 4021 903 4069 ess.
973 4019 1006 4087 (t)
1022 4019 1082 4068 tud.
1102 4020 1161 4068 τοι.
