2824 5084
307 707 454 767 caeteros
489 717 605 764 onrnes
635 705 670 761 et
692 673 867 762 barbaros
885 713 1043 761 vocamus
1061 703 1102 757 et
1120 701 1279 781 tanquam

308 817 468 888 barbaros
491 815 697 910 despicimus
719 813 995 906 acnegligimus3
1010 813 1283 906 hominemspec·

309 956 435 1011 tumus:
460 939 636 1027 homines,
659 949 829 1032 quotquot
853 948 935 1006 sunt
955 937 991 1005 in
1013 934 1096 1005 orbe
1114 945 1281 1003 terrarum

309 1075 345 1132 et
375 1083 579 1156 quacunque
610 1071 691 1130 sunt
725 1057 936 1147 conditione,
957 1055 1133 1144 excolere,
1157 1077 1222 1126 nec
1246 1054 1287 1123 iis

311 1187 441 1272 solum,
460 1184 503 1254 ad
521 1183 621 1272 hanc,
644 1205 748 1282 quapr
770 1182 902 1270 vivunt,
921 1179 982 1250 sed
1002 1175 1170 1249 etiamad
1190 1176 1289 1246 futu-

312 1333 384 1378 ram
409 1309 512 1377 vitam
536 1305 729 1401 prospicere
744 1305 896 1400 nitimur.
949 1303 1188 1373 Humanitati
1210 1323 1289 1370 om-

312 1433 405 1522 nino,
429 1441 516 1526 quac
536 1453 615 1499 vere
634 1429 773 1518 dicitur,
796 1451 888 1499 nunc
910 1427 1055 1496 maxime
1072 1447 1186 1496 veram
1208 1400 1290 1493 dare

313 1579 451 1650 operam
484 1555 704 1623 instituimus.
755 1553 832 1622 Orsi
863 1552 1038 1647 epatria,
1071 1549 1191 1620 asede
1209 1548 1290 1618 inde

313 1686 439 1765 nostra,
463 1697 526 1769 per
548 1685 659 1744 totum
681 1658 871 1763 mnndum,
893 1695 955 1768 per
973 1671 1171 1742 universum
1184 1693 1289 1764 genus

313 1797 502 1868 humanum
536 1819 723 1892 propagare
756 1795 1003 1866 humanitatem
1038 1791 1288 1864 contendimus.
1407 1879 1408 1892 ἵ

314 1920 390 2009 Quo
420 1943 502 1990 sane
530 1919 716 2014 requiritur
745 1901 831 1988 ratio
859 1913 1126 2012 philosophandi
1152 1915 1290 1985 interior
1404 1971 1408 2010 Α,

314 2041 482 2137 quaedam
505 2053 539 2112 et
563 2042 668 2136 magis
691 2041 817 2129 etiarn,
840 2063 943 2133 qnam
963 2039 1153 2128 Socratica,
1172 2061 1214 2107 ex
1237 2039 1289 2106 in-

315 2166 405 2234 timis
437 2165 540 2232 animi
568 2163 708 2232 hmnani
742 2162 897 2231 sensibus
917 2161 1108 2256 studiisque
1129 2161 1287 2254 repetita.

313 2283 404 2372 Quid
440 2281 572 2376 igitur?
611 2279 777 2354 “Stadium
797 2305 924 2354 novum
948 2271 1213 2379 philosophandi
1234 2285 1290 2352 in-

313 2407 497 2497 travimus,
531 2431 652 2478 novam
675 2384 818 2500 ingressi
841 2406 1079 2503 philosophiae
1103 2404 1212 2476 veluti
1234 2429 1291 2476 ae·

315 2543 419 2601 tatem
449 2553 583 2601 sumus:
618 2553 743 2600 nomen
781 2541 917 2620 autem,
941 2552 1011 2624 quo
1035 2531 1100 2608 iter
1121 2528 1187 2599 hoc
1206 2549 1282 2600 nos·

315 2667 406 2724 trum
426 2653 657 2749 appellemus,
680 2638 922 2723 desideratur?
947 2653 1079 2742 Nescio,
1106 2651 1193 2746 quid
1215 2651 1290 2722 aliis

312 2776 455 2872 placeat.
508 2775 592 2847 lllihi
616 2799 685 2846 non
708 2799 835 2847 novum
853 2775 1088 2876 quaerendum
1108 2776 1290 2846 nomenvi-

313 2897 435 2986 detur3
457 2896 518 2968 sed
537 2895 626 2968 illud
650 2898 899 2994 usurpandum,
912 2898 1018 2992 quod,
1030 2899 1100 2968 sire
1112 2899 1290 2988 usitatum,

313 3022 383 3092 sive
402 3019 608 3110 obsoletum,
627 3019 676 3110 id,
692 3021 787 3114 quod
798 3021 968 3112 volumus,
987 3022 1155 3116 exprimat
1166 3021 1291 3115 plenis-
1407 3017 1408 3072 i

314 3147 408 3217 sime.
459 3145 629 3218 Usitatum
644 3141 766 3248 lhodie
792 3148 936 3216 maxime
954 3158 1006 3216 est
1030 3149 1292 3240 speculativam
1407 3205 1408 3216 ,

314 3267 576 3365 philosophandi
597 3291 721 3361 genus,
747 3269 966 3364 quodquam
989 3267 1089 3338 facile
1108 3291 1225 3338 ansam
1237 3269 1291 3337 in·
1407 3263 1408 3310 ἕ

222 3417 225 3426 ’
314 3390 434 3464 auibus
455 3389 772 3485 disquisitionibus,
800 3393 868 3460 ir'no
889 3389 1085 3461 fietionihus
1101 3389 1289 3484 praebeat,
1407 3393 1408 3402 ’

314 3501 415 3584 nemo
436 3525 508 3603 est,
530 3514 615 3608 quin
637 3513 762 3583 videat.
812 3511 1002 3582 Praeleram
1021 3512 1182 3607 equidem
1193 3513 1291 3586 obso-
1407 3555 1408 3586 ;

315 3634 424 3706 letum
451 3633 543 3725 fere,
569 3610 630 3705 sed
645 3634 900 3729 significationis
915 3647 1027 3706 certae
1044 3657 1189 3724 nomen,
1214 3642 1289 3707 cri·

315 3761 422 3828 ticam
438 3753 516 3826 dieo
529 3760 819 3856 philosophandi
841 3765 1031 3832 rationem:
1049 3758 1121 3828 sive
1130 3763 1288 3831 criticis-

315 3907 407 3950 mum
427 3879 539 3969 illam,
561 3883 644 3970 sive,
662 3894 702 3960 ut
724 3881 847 3953 llantio
869 3882 1010 3978 placuit,
1015 3882 1290 3979 philosophiam

282 4053 286 4058 -
315 4007 480 4075 criticam
499 4003 639 4094 dixeris,
660 4005 761 4076 morlo
783 4027 957 4076 caveamus
976 4003 1176 4098 prudenter,
1196 4005 1292 4098 quod
