2828 5098
666 388 940 520 1428-

347 647 471 718 lioru'm
492 645 616 734 artium
639 641 792 713 omuium
819 653 854 710 et
875 639 1131 734 disciplinarum
1155 645 1314 735 gravissi-

346 793 477 856 marum
509 769 729 854 instaurator,
767 765 821 838 ita,
844 763 978 835 moralis
1001 787 1140 858 quoque
1163 765 1321 860 philoso-

260 931 266 944 ·
346 893 446 988 phiae
465 901 625 962 statorem
650 899 684 980 et
712 885 872 981 politicae
889 884 1105 980 eonditorem
1129 886 1255 980 luisse,
1282 890 1320 962 id

347 1039 439 1086 nunc
464 1035 565 1108 porro
589 1033 844 1107 persequamur.

763 1242 880 1264 -ᾡ-

736 1399 922 1482 PLATO

561 1581 785 1630 emtosormas
810 1581 946 1630 uorans
970 1583 1098 1630 smoa.

394 1753 575 1843 Condidit,
610 1766 650 1824 ut
679 1751 846 1842 vidimus,
878 1754 1030 1824 Socrates
1058 1752 1220 1824 moralem
1241 1754 1320 1848 phi·

345 1876 552 1973 losophiam,
584 1865 652 1948 sed
676 1873 772 1946 Plato
805 1875 962 1965 demum,
996 1873 1115 1946 eadem
1144 1875 1204 1944 illa
1237 1899 1321 1946 usus

345 2000 508 2070 cernendi
538 1997 776 2093 jungendique
808 2010 899 2088 arte,
930 2001 1027 2092 eujus
1057 1999 1131 2092 ipse
1160 1997 1245 2069 adeo
1267 1999 1321 2068 in·

344 2120 521 2209 credibili,
556 2132 595 2190 ut
623 2119 767 2221 fatetur,
800 2143 913 2190 amore
948 2132 1068 2220 eaptus
1092 2131 1164 2190 erat
1189 2118 1263 2216 (ἢ,
1286 2121 1323 2188 iu
1386 2133 1389 2144 ·

346 2243 424 2314 luce
454 2265 528 2312 eam
557 2241 672 2336 posuit
699 2241 921 2336 ejusdemque
951 2253 986 2312 et
1008 2241 1192 2328 vinderet
1216 2254 1323 2312 stator

347 2361 425 2434 luit.
475 2363 584 2434 Duxit
603 2363 690 2436 hano
709 2389 845 2436 omnem
867 2351 911 2436 ab
932 2391 1070 2454 orooro,
1092 2364 1240 2436 hominis
1253 2367 1322 2434 aui·

348 2510 404 2558 mo
432 2487 554 2556 natural
576 2486 704 2577 indito,
740 2487 859 2556 retulit
881 2499 996 2558 autem
1019 2486 1062 2556 ad
1084 2485 1196 2580 ideas,
1236 2510 1325 2582 quae

347 2621 428 2712 sunt
451 2620 607 2678 aeternae
627 2609 706 2678 illae
726 2609 876 2678 veritatis
900 2607 1044 2699 formae,
1059 2611 1245 2704 pulcrum,
1264 2613 1326 2682 bo-

348 2759 452 2818 rtum,
467 2735 630 2824 justum,
656 2740 838 2818 sanctum,
865 2731 1039 2800 diuinum.

397 2851 570 2922 Praeclara
600 2849 864 2946 philosophandi
889 2853 993 2942 ratio,
1019 2851 1122 2946 digna
1143 2853 1325 2946 inprimis

348 2997 510 3069 germano
552 2996 632 3044 omn
664 2974 827 3064 Socratis,
869 2961 944 3044 trun
976 2973 1219 3066 Eleatioorum,
1249 2987 1325 3046 tum

349 3100 452 3174 etiam
484 3095 772 3194 Pythagoreorum
804 3096 984 3193 discipulo.
1035 3097 1145 3186 Quam
1164 3111 1217 3188 ut
1233 3113 1325 3173 reete

345 3245 580 3317 assequamur,
606 3221 732 3290 iterum
749 3220 807 3292 hic
824 3221 922 3292 nobis
943 3221 1119 3295 excitanda
1137 3214 1190 3294 e'st
1216 3222 1324 3319 philo·

347 3342 446 3438 sophi
475 3342 520 3412 de
552 3355 700 3438 utroque
720 3367 833 3416 amore
850 3343 1040 3434 sententia,
1062 3356 1102 3414 ut
1122 3343 1263 3439 prodita
1287 3347 1322 3416 iu

349 3467 540 3560 Symposio
569 3479 690 3538 exstat.
740 3466 823 3538 Nam
848 3479 1030 3562 postquam
1050 3467 1226 3540 Phaedrus
1252 3468 1324 3540 illio

319 3597 321 3602 '
348 3587 503 3658 universe
533 3611 681 3660 amorem
704 3587 921 3680 laudaverat,
948 3589 1127 3662 Pausanias
1152 3613 1226 3661 rem
1243 3613 1326 3660 eer-

352 3707 466 3780 nendo
477 3708 788 3806 distinguendoque
804 3711 961 3784 illustrat.
973 3714 1008 3784 si
1021 3737 1088 3784 una
1100 3725 1189 3784 esset
1195 3713 1325 3800 Venus,

347 3887 582 3902 mnu-

380 3979 413 4048 pt
431 3981 524 4032 riter.
545 3982 596 4028 aaa
614 3983 639 4030 a.
