2828 5098
473 529 692 599 -153-

96 751 138 796 ac
162 723 334 820 praeclara
355 728 429 818 ejus
450 725 487 793 in
508 724 678 796 doctrinas
708 748 846 815 omncs,
869 730 1066 821 quinetiam

94 849 133 916 in
165 860 255 918 artes
288 871 328 917 ac
357 845 472 918 literas
503 849 623 918 merita
653 861 858 944 spectemus.
914 849 1066 920 Contulit

91 971 230 1042 ‘scilicet
262 969 321 1039 ille
353 970 589 1041 admirabilem
619 971 714 1042 illam
735 972 861 1065 ingenii
878 971 1067 1067 judiciique

91 1094 325 1164 subtilitatem
356 1092 400 1162 ad
429 1093 623 1186 marusima
655 1093 859 1190 capessenda
882 1093 1067 1190 perficien-

91 1216 213 1310 daque
234 1214 388 1308 negotia,
414 1214 472 1284 illa
495 1217 658 1306 maxime,
680 1240 767 1312 quae
790 1215 985 1310 neglexerat
996 1217 1068 1287 Pla·

92 1351 151 1408 to:
177 1337 322 1408 contulit
344 1337 388 1407 ad
411 1337 582 1410 doctrinas
606 1341 755 1434 singulas
780 1353 815 1410 et
842 1341 1027 1412 cernendas
1049 1366 1068 1412 a

93 1461 238 1532 caeteris
262 1472 297 1531 et
321 1485 408 1532 noro
433 1461 586 1534 methodi
610 1487 734 1557 genere
758 1464 967 1536 tractandas:
990 1488 1068 1536 con·

93 1587 181 1657 tulit
204 1585 248 1656 ad
272 1586 484 1658 dialecticam
507 1585 720 1660 condendam
743 1615 876 1681 novam,
897 1613 985 1686 quae
998 1613 1068 1661 non

93 1709 210 1780 solum
234 1708 279 1778 ad
302 1708 511 1780 cernendum
526 1707 831 1806 jungendumque,
852 1713 912 1782 sed
931 1713 975 1783 ad
991 1736 1067 1810 pro

93 1831 252 1902 bandum
274 1831 377 1901 etiam
399 1829 688 1928 refutandumque
706 1835 898 1904 inserviret:
923 1835 1068 1906 contulit

92 1956 138 2026 ad
177 1977 299 2026 novam
333 1953 559 2047 effingendam
591 1979 827 2051 summamque
857 1954 1067 2046 doctrinam,

93 2103 187 2176 quae
217 2081 357 2152 caeteris
386 2079 549 2152 doctrinis
582 2081 740 2153 omnibus
767 2081 868 2176 longe
900 2082 1069 2178 longeque

94 2215 131 2272 et
166 2191 299 2274 ambitu
312 2213 357 2272 cr
379 2204 581 2274 auctoritate
602 2217 810 2298 praestaret:
835 2205 982 2278 contulit
1006 2204 1072 2276 de-r

93 2311 223 2419 nique,
259 2347 329 2416 quo
360 2324 460 2394 nobis
493 2325 622 2416 proluit
651 2329 883 2420 potissimum,
906 2328 951 2399 ad
975 2340 1068 2400 recte

92 2443 343 2518 observandam
363 2455 531 2518 naturam.
556 2445 606 2512 De
628 2447 769 2538 singulis
791 2449 859 2519 illis
882 2452 980 2522 nobis
1001 2454 1065 2523 sin-

93 2545 243 2663 gulatim
265 2567 330 2660 erit
352 2564 540 2660 agendum,
565 2565 627 2636 sed
646 2567 690 2637 ‹le
712 2581 852 2640 naturae
863 2569 929 2642 hoc
940 2573 1065 2662 studio,
1187 2647 1189 2652 ,

94 2693 153 2764 cui
185 2713 222 2760 se
244 2713 263 2760 a
286 2701 400 2760 tenera
422 2687 504 2759 inde
523 2699 634 2760 aetate
655 2683 844 2785 plurimum
866 2692 1000 2766 dedisse
1017 2695 1067 2765 ri-

95 2815 220 2904 detur,
245 2813 394 2909 primum
413 2814 513 2906 juvat
536 2835 709 2907 quaerere.

500 3043 672 3098 *Q*

366 3219 370 3224 ’
440 3231 724 3307 ARISTOTELES

348 3402 524 3448 NATURAE
549 3402 814 3458 ORSERVATOR.

147 3547 305 3631 Nonluit
324 3546 569 3646 philosophus,
593 3551 653 3645 qui
673 3549 840 3644 latiorem,
860 3579 962 3651 quam
972 3549 1082 3634 dris-¹

99 3669 238 3761 toteles,
264 3669 557 3767 disquisitionibus
587 3659 658 3744 suis
680 3697 838 3769 eampum
860 3677 1064 3771 destinaret,
1082 3673 1085 3684 ’

98 3791 316 3888 eundemque
342 3796 468 3888 majore
490 3792 713 3888 perlustraret
738 3793 928 3891 diligentia.
979 3805 1064 3874 Uni-

100 3935 230 3986 versam
270 3927 384 3984 mente
419 3937 533 3986 rerum
566 3927 720 3988 naturam
755 3921 1065 4016 complectebatur,

20 4093 22 4100 .
101 4058 162 4108 nec
193 4061 272 4109 vero
303 4060 356 4108 res
387 4035 551 4108 humanas
572 4037 775 4131 negligebat.
828 4041 903 4130 Quo
926 4043 1065 4136 accidit,
