2836 5080
475 455 724 572 *²¹⁷5

84 657 256 727 strinxemt
277 658 461 744 Mamm,
481 677 590 748 quum
614 653 965 727 totusiusublimibus
977 677 1051 728 rer·

82 791 208 850 seretur
216 777 434 871 Anaxagorae
452 776 586 850 studiis.
612 777 818 850 SedSocratr
829 777 1050 850 tribuendum

82 901 142 972 hoc
166 913 232 991 est,
253 897 346 994 quod
365 898 627 996 philosophiam,
648 901 779 971 avocari
795 903 869 994 jam
892 897 937 970 de
956 901 1051 990 coelo

81 1037 249 1119 coeptam,
266 1035 357 1094 recte
379 1022 566 1114 excoleret,
588 1023 813 1118 eprincipiis,
836 1045 856 1094 e
882 1021 998 1096 divino
1015 1025 1051 1093 in

78 1148 198 1242 primis
218 1146 262 1216 de
281 1147 472 1239 cognitione
491 1148 545 1216 sui
564 1159 747 1242 praecepto
766 1146 927 1238 duceret,
949 1147 1051 1243 adap-

78 1283 166 1341 taret
205 1269 380 1341 hominum
418 1267 570 1340 moribus
603 1270 875 1365 gravissimisque
905 1272 1051 1342 civitatis

77 1393 190 1464 rebus.
228 1393 494 1480 Quamobrem
512 1403 604 1463 recte
621 1393 666 1463 ab
687 1392 845 1464 omnihus
864 1393 977 1466 dictus
999 1405 1052 1465 est

76 1517 113 1586 in
141 1517 286 1587 urbibus
306 1515 486 1586 collocasse
509 1513 759 1610 philosophiam
783 1529 817 1586 et
831 1519 986 1611 coegisse
1005 1517 1051 1588 de

77 1626 146 1708 vita
164 1653 200 1708 et
216 1639 380 1728 moribus,
400 1638 572 1732 rebusque
592 1638 690 1708 bonis
711 1650 746 1707 et
768 1639 864 1709 malis
875 1664 1048 1735 quaerere.

75 1760 117 1830 Et
137 1785 217 1832 vero
237 1763 265 1832 is
277 1751 350 1832 'fuit
372 1761 537 1850 Socrates,
555 1761 616 1854 qui
636 1784 725 1830 unus
746 1763 898 1834 omnium
907 1765 1050 1834 maxime
1147 1765 1152 1776 '

74 1886 271 1958 virtutisne
288 1885 442 1980 justitiae
461 1883 688 1978 patrocinium
711 1885 909 1978 susciperet,
925 1886 1051 1979 quibus

75 2006 278 2078 destitutam
305 2029 370 2078 nee
391 2004 532 2076 domurn
551 2015 641 2075 stare
661 2027 761 2099 posse
785 2027 850 2077 nec
881 2007 1052 2077 civitatem

10 2223 11 2230 ἵ
74 2129 318 2202 contendebat.
367 2129 459 2218 Quid
486 2123 614 2225 plura?
639 2127 706 2216 Qui
728 2127 805 2198 talis
816 2140 868 2200 est
878 2129 1052 2201 doctrinae
1107 2181 1115 2198 .

72 2267 208 2344 auctor,
239 2254 300 2348 qui
328 2275 403 2322 eam
432 2251 571 2346 publice
604 2263 656 2321 est
681 2249 865 2346 professus,
896 2254 1052 2348 quicum

73 2375 186 2448 semel
207 2375 392 2444 maturiore
409 2385 519 2442 aetate
538 2370 723 2465 professus,
743 2374 792 2443 sic
811 2375 935 2464 tenuit,
958 2375 1053 2447 utab

71 2520 111 2568 ea
149 2493 346 2567 discederet
367 2516 555 2587 mmqnam,
576 2491 788 2586 eandemque
804 2507 913 2565 morte
930 2497 1053 2567 confir·

71 2631 202 2710 maret,
230 2641 296 2688 nae
312 2617 353 2708 is,
378 2617 408 2688 si
431 2616 515 2711 quid
537 2614 649 2706 video,
667 2615 897 2712 qualicunque
916 2618 1055 2688 tandem

71 2745 214 2840 specie,
246 2743 339 2812 intus
382 2740 493 2811 honus
531 2740 603 2828 vir,
642 2737 804 2834 idemque
830 2739 940 2811 honus
973 2741 1054 2811 civis

70 2867 157 2937 fuit.
198 2865 274 2937 Dici
298 2863 342 2934 de
360 2863 507 2952 Socrate,
531 2859 625 2956 quod
644 2860 689 2930 de
705 2863 822 2956 paucis
842 2861 1054 2959 philosophis

68 2987 208 3084 potuit,
239 3008 426 3080 congruere
449 2989 522 3080 cJus
542 2984 794 3080 philosophiam
815 3010 952 3080 prorsus
975 3009 1054 3057 cum

69 3111 187 3207 ipsius
219 3109 348 3200 indole,
382 3119 434 3200 ut,
461 3131 531 3202 quo
560 3129 635 3178 earn
657 3108 763 3202 magis
787 3107 952 3178 hahemus
974 3131 1053 3202 per-

67 3245 245 3329 spectam,
265 3255 306 3304 eo
327 3231 451 3302 certius
471 3229 516 3302 de
531 3231 637 3324 ipsius
656 3243 793 3302 auctore
811 3231 1053 3323 existimemus,

67 3377 220 3452 quoque
230 3354 372 3424 interius
389 3355 452 3424 viri
464 3351 614 3423 indolem
625 3353 909 3447 perspexerimus,
928 3375 968 3422 eo
980 3331 1054 3424 rec-

68 3481 146 3552 tius
168 3477 268 3548 nobis
285 3477 389 3549 liceat
408 3476 452 3546 de
472 3479 546 3570 ejus
567 3474 783 3570 philosophia
790 3475 956 3569 judicare.
985 3475 1054 3546 Sed

68 3614 192 3676 sectas
220 3599 469 3672 consideremus
492 3599 587 3688 item,
609 3621 693 3693 quas
719 3598 782 3668 viri
800 3597 954 3669 doctrina
972 3624 1053 3696 pro-

68 3725 173 3796 tulit.
227 3723 405 3794 Universns
439 3719 513 3792 illus
547 3719 758 3810 videbimus,-
793 3721 944 3814 quamvis
975 3745 1053 3792 ase

69 3847 228 3918 invicem
262 3845 410 3917 diversas
432 3856 467 3914 et
489 3846 689 3916 contrariam
712 3842 814 3932 adeo,
838 3855 878 3926 ut
897 3843 1052 3932 videtur,

69 3971 274 4044 doctrinam
315 3966 538 4062 prolitentes,
573 3991 675 4040 unam
708 3967 853 4036 maxime
885 3976 1054 4059 spectasse
