2824 5084
712 383 1006 528 -rarss

336 655 473 748 iugenio
502 653 699 748 studioque:
721 655 788 741 sit,
810 674 872 746 per
891 673 947 720 me
964 650 1065 738 licet,
1090 649 1145 719 vel
1167 649 1310 744 dogma-

338 780 437 866 ticus,
461 776 517 846 vel
539 777 727 871 scepticus3
750 775 796 844 sit
817 772 1001 844 velWolfii
1022 772 1234 861 etiamnunc,
1253 773 1313 842 vel

335 899 461 989 Kantii,
482 900 537 968 rel
559 897 770 991 schellingii,
789 895 843 966 vel
855 895 989 989 Hegelii
1012 895 1156 967 assecla:
1172 895 1317 990 profice·'

336 1045 374 1092 re
391 1021 554 1112 multum,
578 1045 658 1094 cum
678 1019 757 1110 sibi,
769 1031 845 1091 tum
855 1016 1210 1089 aliisediversissimis
1222 1017 1315 1090 hisce

337 1145 603 1242 philosophandi
624 1143 813 1233 methodis,
843 1155 918 1213 tum
939 1163 1020 1213 vero
1036 1141 1179 1230 discere,
1200 1143 1236 1211 in
1249 1143 1317 1236 pri·

339 1272 402 1340 mis
424 1295 444 1339 a
466 1269 636 1365 primariis
657 1267 711 1340 his
732 1264 946 1361 philosophis
966 1277 1101 1360 potest,
1124 1265 1187 1347 sed
1211 1265 1316 1354 idem,

282 1376 286 1381 ⁵
338 1394 541 1488 priusquam
564 1390 625 1464 has
646 1389 842 1489 principum
853 1387 1033 1460 doctorum
1053 1387 1187 1459 scholas
1204 1387 1317 1476 adeat,

337 1517 375 1584 in
411 1515 581 1586 Socratica
606 1512 709 1583 velim
736 1510 852 1582 schola
874 1509 1030 1581 eruditos
1052 1535 1073 1580 a
1097 1523 1216 1582 tenera
1238 1511 1319 1584 iude

339 1647 450 1706 aetate
472 1637 530 1727 sit,
553 1648 607 1726 ut,
629 1633 847 1731 philosophia
869 1633 954 1729 quid
976 1635 1034 1724 sit,
1054 1635 1317 1729 quo-pertineat

338 1759 504 1849 maxime,
537 1759 693 1847 noverit,
725 1769 766 1828 ut
797 1769 906 1828 semet
938 1757 1051 1851 ipsum
1078 1755 1317 1852 mundumque

297 1865 302 1872 ⁵
337 1884 512 1954 internum
532 1893 637 1976 atque
657 1879 820 1952 moralem
844 1877 1019 1974 explorare
1040 1869 1133 1950 re'cte
1144 1878 1316 1970 didicerit,

339 2019 385 2075 ut·
412 2017 542 2078 rectam
573 2003 688 2074 inierit
713 2002 757 2072 ad
780 1999 1094 2097 philosophandum
1119 2003 1229 2091 viam,
1252 2026 1316 2074 nec

338 2128 539 2221 imprudens
562 2127 737 2213 oberrans,
761 2123 888 2194 deinde
910 2123 965 2193 vel
978 2147 1043 2218 per
1052 2124 1316 2218 dogmatismum

337 2247 534 2318 includatur
563 2231 940 2338 doetrinaesiugularis
965 2246 1150 2339 angustiis,
1171 2244 1228 2316 vel
1250 2267 1315 2340 per

334 2369 590 2466 sceptioismum
622 2366 667 2437 ad
698 2366 930 2438 dubitandum
960 2368 1005 2439 da
1029 2368 1133 2441 rebus
1156 2368 1316 2440 omnibus
1407 2381 1408 2414 ³

335 2493 498 2581 accedat,
519 2491 573 2563 rel
592 2514 655 2586 per
677 2491 939 2562 sensualismum
967 2491 1012 2562 ad
1036 2491 1317 2564 materialisrnum

335 2628 372 2688 et
392 2614 607 2700 atheismum‘
620 2612 826 2702 adducatur,
844 2612 994 2708 danique
1013 2635 1076 2709 per
1098 2613 1317 2686 idealismum
1406 2649 1407 2652 ¹

336 2738 380 2810 ad
414 2737 670 2833 pantheismum
682 2789 692 2826 ,
728 2737 998 2832 mysticismum,
1029 2738 1152 2810 similia
1182 2740 1315 2829 omnia,

335 2859 528 2930 delabatur.
553 2856 609 2928 hh
627 2856 680 2928 his
705 2857 864 2929 omnihus
887 2871 928 2930 ut
952 2861 1029 2954 quis
1050 2874 1180 2952 caveat,
1202 2874 1244 2932 ut
1260 2861 1316 2932 de·
1405 2867 1406 2932 l

336 2984 423 3056 ubet
445 2982 634 3078 putenm·
660 3004 680 3051 a
705 2981 979 3054 celebratissimis
1002 2984 1166 3056 dotrina
1187 2987 1317 3081 optima
1405 2963 1406 2972 ‘

335 3128 514 3202 quaeque,
539 3117 671 3178 caetera
687 3105 840 3198 rejiciat,
865 3129 955 3196 uua,
977 3106 1062 3176 mihi
1083 3108 1195 3199 oredo,
1213 3111 1316 3205 aptis·

275 3306 289 3333 ,
335 3233 420 3302 sima
440 3229 742 3322 efficacissimoque
762 3228 909 3330 Socratis
932 3229 1104 3306 institutio
1118 3235 1319 3330 -cst,quip-

335 3375 381 3448 pa
425 3353 596 3424 verissima
642 3352 819 3424 continens
854 3353 1048 3426 verissimae
1079 3337 1317 3454 philosophiae

333 3497 513 3570 principia.

383 3598 510 3667 Similis
522 3619 595 3668 esse
605 3597 670 3668 hac
680 3599 716 3668 in
727 3621 765 3668 ra
776 3597 1123 3693 philosophorum,ac
1132 3604 1313 3694 poetarum
1403 3689 1404 3695 γ

335 3721 421 3792 ratio
443 3718 559 3802 dehet.
584 3720 673 3792 Sunt
692 3720 784 3791 amia
801 3723 942 3815 poeseos
966 3745 1106 3816 genera:
1122 3721 1317 3819 aliipoitae

335 3842 556 3933 didacticum,
567 3843 625 3912 alii
648 3831 834 3935 comicum,¹
847 3844 905 3914 alii
916 3846 1096 3939 tragicum,
1107 3845 1165 3917 alii
1176 3845 1319 3921 huooli-

335 3993 427 4058 oum,
438 3965 532 4038 aliud
551 3966 608 4036 alii
626 3989 732 4059 genus
754 3979 914 4057 tr·actaut;
931 3949 1011 4042 suut
1032 3971 1146 4069 etiam,
1158 3975 1319 4078 quamvis
