2836 5080
493 528 690 604 ..57...

102 749 157 797 nro
188 726 282 818 loco,
319 727 381 798 sed
410 732 470 824 qni
503 729 562 803 hlc
592 733 689 804 nobis
716 755 758 805 ex
779 733 1070 831 disquisitionibus

100 851 224 921 nostris
247 851 521 946 interpretandus
543 852 834 952 declarandasque
856 857 1001 932 ridetur.

147 971 235 1043 Nam
269 983 448 1068 postquam
479 976 515 1045 in
548 974 733 1070 agathonis
767 982 958 1054 cenuvium
985 984 1071 1058 illud

98 1089 387 1167 comessabundus
411 1097 557 1192 vinoque
579 1101 766 1172 concitatus
795 1101 988 1177 Alcibiades
1008 1131 1071 1178 ve-

96 1231 218 1309 nerat,
252 1243 320 1314 quo
350 1218 474 1310 fiebat,
500 1233 539 1292 ut
561 1244 694 1292 summa
712 1233 866 1295 uteretur
888 1223 1070 1326 supparia,

96 1352 236 1433 rogatus
258 1338 315 1412 hic
335 1340 379 1411 ab
401 1341 631 1439 Eryximacho,
654 1355 694 1414 ut
712 1345 885 1418 Socratem
904 1347 1070 1442 laudaret,

100 1461 273 1553 staciani,
307 1463 435 1559 inquit,
474 1463 624 1556 sedita,
654 1477 693 1536 nt
715 1470 868 1563 quamvis
887 1473 995 1564 jocari
1014 1474 1070 1543 vi-

97 1583 196 1676 dear,
230 1605 310 1656 vera
341 1585 464 1658 dicam·
514 1586 666 1658 laudare
690 1601 805 1662 antem
826 1593 960 1684 virm,
981 1617 1069 1666 con-

97 1708 213 1798 vivae,
238 1731 302 1802 per
323 1708 486 1801 imagines
508 1711 666 1782 conabor.
716 1713 779 1784 lllc
799 1715 940 1809 quidem
956 1719 1068 1815 suspi-

96 1831 251 1921 cabitur,
286 1830 330 1900 ad
361 1830 546 1902 ridiculum
566 1855 622 1901 mc
644 1847 839 1906 convenere
860 1861 1069 1910 sermonem:
1195 1897 1200 1908 .

95 1953 242 2024 sederit
264 1953 356 2043 veri,
380 1976 450 2024 non
471 1952 608 2026 ridiculi
630 1967 769 2046 caussa,
792 1959 914 2053 imago.
964 1961 1068 2050 Dico,

95 2077 266 2148 Socratem
309 2073 516 2172 persimilem
549 2099 624 2148 esse
656 2078 778 2150 Silcnis
812 2081 904 2172 illis,
939 2083 999 2177 qui
1033 2084 1069 2152 in

95 2197 309 2294 sculptorum
342 2199 492 2270 tabernis
515 2197 657 2290 sedent,
681 2200 814 2274 fistulas
838 2204 980 2275 tibiasve
1008 2215 1066 2275 te-

95 2333 234 2393 nentes:
275 2318 304 2392 o‘i
346 2318 472 2418 διχάδε
506 2319 708 2420 διωχθέντες
740 2326 912 2418 dducam
946 2322 1067 2402 aloto

93 2439 337 2540 ἀγάλματα
358 2444 494 2540 ’ἔχοντες
517 2439 628 2517 bacis:
648 2445 726 2516 dico
749 2459 864 2518 autem
884 2448 984 2520 illum
1001 2449 1066 2522 Sa-

93 2577 172 2660 tyro
204 2562 356 2660 Marsyae
377 2563 523 2634 similem
547 2587 620 2634 esse
643 2564 731 2662 (*).’'
779 2567 896 2640 Oculis
918 2570 965 2640 ita
984 2595 1068 2642 nos-

95 2689 155 2758 tris
189 2687 297 2758 reluti
329 2686 468 2781 subjicit
499 2685 614 2777 Plato,
650 2709 739 2781 quae
771 2687 995 2759 affirmaverat
1025 2689 1069 2760 dc

97 2807 215 2880 natma
236 2809 382 2880 Socratis
402 2807 671 2905 physiognomon
691 2809 763 2900 ille,
782 2811 949 2907 Zopyrus,
961 2835 1071 2906 quum

99 2931 251 3003 deditum
285 2953 364 3002 eum
399 2953 473 3002 esse
504 2931 593 3002 nulli
616 2955 685 3003 non
706 2933 922 3028 voluptatum
945 2933 1067 3006 libidi-

98 3077 248 3150 numque
278 3054 393 3148 generi
425 3053 666 3126 contenderet:
697 3055 748 3124 nil
781 3056 895 3150 aptius
919 3055 1069 3130 adhaec

98 3175 315 3272 exprimenda
357 3175 550 3250 Silanorum
593 3201 632 3248 ac
671 3178 869 3272 Satyrorum
902 3177 1068 3270 imagine,

99 3323 198 3392 quam
231 3321 350 3395 reapse
383 3298 467 3370 adeo
498 3299 652 3370 Socrates
684 3298 936 3394 quodammodo
957 3301 1069 3396 capite

99 3443 139 3491 ac
162 3423 256 3494 vultu
275 3421 454 3494 referebat.
504 3421 572 3492 Sed
595 3431 714 3518 pergat
735 3419 939 3494 Alcibiades.

26 3601 32 3616 ,
147 3543 242 3615 »Illis
258 3545 363 3640 igitur
384 3558 419 3615 te
441 3544 608 3642 adspectu
628 3545 836 3640 persimilem
862 3567 953 3636 esse,
973 3557 1068 3618 netu

37 3746 39 3751 f
99 3668 253 3763 quidem,
288 3673 505 3762 oSocrates,
530 3669 690 3766 negabis3
725 3669 761 3740 in
783 3671 924 3742 caeteris
953 3681 1066 3743 autem

97 3803 132 3861 te
149 3791 276 3864 referre
300 3793 395 3885 illos,
420 3794 581 3892 deinceps
604 3794 696 3868 audi.
747 3793 916 3866 Procaxne
938 3817 999 3882 es,
1022 3815 1067 3862 an

131 4059 166 4133 a)
183 4065 267 4134 sm.
285 4065 338 4116 cra
356 4066 386 4117 i.
