2828 5098
464 484 683 587 4155·-

94 731 186 778 versa
207 732 288 778 cnm
310 709 708 804 explorandaaocurate,
732 724 807 782 tum
830 712 866 780 in
883 712 973 782 locos
987 733 1066 784 suos

92 845 267 926 certasque
289 833 412 904 classes
436 834 687 906 distribuenda.
712 835 896 906 Testantur
917 835 954 904 id
971 835 1065 930 phy-

90 957 159 1026 sica
189 956 253 1025 viri
286 979 400 1051 opera.
449 959 534 1029 Nam
557 959 693 1054 scripsit
727 959 856 1054 pariter
887 983 927 1030 ac
948 959 1066 1030 Demo

90 1079 197 1148 oritus
231 1077 275 1147 de
305 1070 418 1150 nullis'
434 1105 504 1152 non
527 1083 754 1174 argumentis,
779 1105 866 1175 <prae
888 1081 1067 1151 adrerum

89 1212 247 1300 naturam
281 1203 476 1296 pertinent,
503 1216 542 1274 ut
566 1205 661 1274 tituli
683 1227 826 1300 operum
849 1227 928 1274 curn
948 1227 1069 1298 super·-

90 1323 224 1412 stitum,
248 1335 323 1394 tum
347 1326 450 1396 etiarn
472 1326 686 1422 perditorum
711 1327 1069 1422 demonstrantz'quos

91 1468 191 1516 nemo
222 1449 408 1542 perlustrat
441 1450 570 1540 oculis,
596 1452 681 1545 quin
703 1463 738 1520 et
759 1452 919 1521 varietate
941 1463 976 1520 et
998 1451 1068 1522 dis-

92 1569 281 1640 tributione
313 1573 553 1644 Aristotelicas
577 1574 740 1669 physicae
763 1575 981 1670 obstupescat
1004 1574 1018 1671 (
1041 1573 1066 1670 ).

92 1689 129 1758 ln
151 1690 205 1762 his
227 1705 342 1763 autem
365 1697 544 1786 omnihus,
568 1721 655 1791 quac
677 1697 817 1791 quidem
839 1699 950 1790 legere
970 1695 1068 1768 nohis

92 1814 287 1886 etiamnunc
310 1816 409 1907 licet,
436 1842 505 1888 non
527 1819 650 1908 solum,
669 1819 762 1913 quod
773 1819 856 1908 dixi,
869 1821 1066 1911 acerrimum

92 1936 154 2005 riri
183 1937 357 2042 ingenium
376 1939 637 2036 judiciumque,
671 1941 732 2010 sed
753 1965 920 2010 summam
942 1942 1070 2035 pariter

93 2058 226 2154 ipsique
245 2064 367 2131 natural
389 2064 564 2157 propriam
587 2063 747 2134 cernendi
766 2062 1006 2157 jungendique
1023 2063 1070 2133 fa-

92 2184 271 2274 cultatem,
307 2199 382 2258 tum
409 2199 518 2256 artem
541 2188 578 2256 in
600 2187 718 2282 primis
738 2186 969 2257 distribuendi
992 2187 1069 2256 sin-

92 2305 172 2396 gula
196 2307 232 2374 in
256 2307 348 2378 locos
373 2333 452 2378 suos
476 2309 696 2379 admiramur.
887 2388 892 2398 ¹

141 2425 294 2495 Cadebat
315 2439 431 2496 autem
452 2441 543 2496 aetas
566 2427 757 2498 Aristotelis
776 2433 812 2498 in
832 2429 1069 2522 illatempora,

32 2573 35 2587 ¹
77 2521 181 2641 ¹quae
210 2547 443 2643 explorandae.
466 2572 581 2618 rernm
600 2561 753 2628 ‚naturae
774 2551 811 2620 in
832 2551 951 2644 primis
974 2564 1071 2620 erant
1153 2585 1155 2592 v

92 2679 184 2760 apta.
206 2666 403 2764 -Aperiehat
438 2669 544 2764 ipsius
567 2653 746 2760 alumnus,
768 2668 977 2759 Alexander,
1000 2671 1070 2740 vic-

94 2791 187 2862 toriis
217 2792 309 2884 suis,
340 2815 468 2862 novum
490 2792 806 2888 amplissimumque
827 2793 976 2888 physicis
995 2804 1070 2862 stu-

96 2913 171 3002 diis
197 2929 339 2987 naturae
373 2917 563 3006 theatrum,
598 2917 773 2987 Orientem
806 2918 912 2988 ferme
944 2930 1068 2988 totum.
1147 3010 1155 3016 -

95 3037 168 3124 Qua
203 3041 459 3135 opportunitate
487 3040 540 3110 usi
570 3053 650 3109 sunt
673 3042 828 3112 certatim
851 3041 970 3110 Graeci
990 3040 1071 3134 phi-

95 3159 246 3257 losophi,
282 3187 360 3234 curn
399 3163 443 3233 ad
477 3149 684 3259 eiplendum
717 3163 966 3250 insatiabilem,
1001 3187 1070 3256 quo
1172 3179 1174 3188 ’

96 3297 208 3374 orarit,
240 3285 439 3380 explorandi
472 3285 764 3379 cognoscendique
796 3283 971 3374 studium,
995 3295 1070 3353 tum

97 3429 175 3477 vero
209 3409 353 3477 maxime
385 3408 428 3478 ad
459 3407 608 3500 singulas
632 3407 708 3476 illas
731 3402 862 3496 terras,
881 3408 916 3475 in
943 3407 1069 3501 quibus

97 3527 192 3596 aliud
214 3541 285 3598 erat
308 3507 460 3620 coelum,
486 3528 580 3599 aliud
592 3528 769 3599 hominum
780 3531 1070 3624 animantiumque

100 3637 226 3742 genus,
251 3651 317 3722 alia
339 3649 435 3722 er'ant
458 3665 493 3722 et
515 3675 681 3746 perquam
703 3652 794 3720 varia
814 3677 891 3722 cum
913 3650 1067 3739 flumina,

99 3782 173 3842 turn
207 3771 366 3864 arbusta,
400 3785 477 3844 tum
497 3774 650 3864 metalla,
674 3773 717 3844 ad
740 3774 814 3846 illas
837 3776 942 3868 igitur
963 3787 1068 3844 terras

132 4045 163 4114 a)
179 4049 209 4116 r.
226 4046 296 4098 mr.
311 4047 329 4098 t.
346 4047 364 4098 1.
