2824 5084
745 497 967 572 ...156-

366 698 581 797 lotophando
602 709 678 770 tum
700 697 843 793 dialogis
861 695 1049 769 scribendis
1071 696 1122 766 sic
1146 697 1281 788 rotulit,
1307 715 1345 772 ut

371 825 544 897 meritoa
578 823 712 895 Francis
744 834 779 893 at
808 821 985 894 Germanis
1014 819 1216 892 Batavorum
1246 823 1345 896 Plato

225 1000 227 1006 -
367 947 483 1020 dictus
513 949 571 1020 sit.
620 947 663 1018 Et
690 969 789 1036 sane,
823 947 852 1017 si
873 966 942 1042 qua
970 943 1186 1042 philosophia
1206 945 1344 1019 scholae

303 1068 308 1082 ⁸
370 1071 529 1143 umbram
551 1069 695 1165 reliigit,
715 1091 862 1165 vereque
883 1067 1046 1165 prodesse
1065 1069 1265 1142 hominihus
1286 1097 1340 1168 po-

367 1207 459 1286 test,
491 1195 553 1266 nni
585 1193 622 1264 id
650 1194 796 1264 maxime
816 1193 1010 1267 Platonicae
1032 1193 1260 1268 tribuendum
1281 1210 1339 1267 cst.

366 1317 438 1390 scd
470 1317 670 1407 redeamus,
704 1315 798 1387 unde
823 1318 896 1388 orsi
918 1337 1059 1407 sumus,
1092 1316 1137 1386 ad
1159 1317 1339 1390 celeberri-

370 1465 461 1511 mam
494 1441 589 1511 illam
617 1439 846 1512 Medicecium
874 1437 1092 1512 Academiam
1119 1437 1337 1513 Platonicam.
1387 1519 1389 1525 ,

369 1563 503 1659 Operae
532 1563 683 1659 pretium
715 1574 769 1634 ost
799 1563 999 1654 attendere,
1024 1586 1129 1658 quam
1159 1551 1246 1637 hacc
1276 1565 1338 1634 vin

369 1685 415 1756 ad
445 1685 649 1758 excolendos
680 1685 781 1758 ltalos
813 1687 1028 1786 populosque
1060 1685 1253 1783 Europaeos
1283 1685 1337 1756 ha-

370 1807 495 1880 buerit.
1137 1853 1139 1860 ·

419 1931 498 2002 Fuit
531 1929 616 2004 liaeo
645 1931 756 2027 prima
786 1931 823 2001 in
853 1925 987 2025 Europa
1016 1929 1157 2025 proprie
1179 1931 1229 2002 sic
1249 1929 1338 2002 dicta

370 2053 574 2144 Academia,
606 2055 629 2123 i.
664 2076 695 2124 e.
721 2052 935 2142 sodalitium,
954 2051 1027 2123 sive
1048 2053 1190 2124 societas
1213 2054 1337 2126 artibus

370 2177 546 2270 literisque
564 2173 715 2245 colendis
737 2173 919 2267 destinata,
944 2171 1133 2270 eademque
1152 2175 1336 2248 innumera-

370 2297 494 2369 bilium
516 2295 678 2392 deinceps
703 2293 770 2366 fuit
793 2293 958 2366 similium
983 2295 1249 2368 Academiarum
1266 2323 1337 2370 ma·
1397 2379 1398 2384 η

370 2433 433 2492 tsi.
466 2419 581 2492 Valnit
602 2431 681 2516 post
703 2417 924 2490 Laurentium
945 2417 1148 2512 Medioeum,
1170 2422 1336 2498 subaus-

369 2543 467 2640 piciis
500 2542 674 2634 Rucellai,
707 2541 752 2614 ad
780 2553 873 2614 recte
894 2542 1169 2614 constituendam
1190 2545 1338 2639 lingnam
1396 2579 1397 2588 κ

369 2667 538 2740 Italicam:
562 2665 656 2762 quod
679 2663 836 2736 similiter
858 2687 946 2737 saec.
972 2665 1061 2738 XVII
1084 2665 1130 2736 ad
1152 2691 1246 2738 suam
1258 2693 1339 2738 con-

369 2788 579 2862 stituendam
613 2785 766 2880 linguam
798 2786 997 2859 factitarunt
1030 2787 1179 2861 Francici
1200 2787 1337 2862 Acade·

371 2911 472 2982 mici:
507 2910 615 2982 valuit
647 2908 733 2982 adeo
766 2909 892 2981 deinde
923 2910 967 2982 ad
995 2910 1167 2984 doctrinas
1196 2925 1337 2985 tractan-

370 3033 433 3106 das
468 3034 622 3131 politicas
654 3043 690 3103 et
724 3033 974 3130 oeconomioas,
1009 3045 1084 3104 tum
1116 3034 1193 3107 illas
1217 3037 1336 3122 ctiam,

372 3181 461 3254 quae
495 3157 636 3229 nonita
660 3155 822 3227 continuo
846 3179 866 3227 e
889 3155 1038 3228 Platonis
1063 3157 1248 3254 disciplina
1272 3185 1338 3230 ma·

374 3291 521 3372 naiuiit,
546 3291 586 3351 ut
607 3277 796 3369 historicas
816 3278 1035 3373 antiquarius,
1053 3279 1225 3378 physicas.
1255 3283 1335 3355 Con
1393 3285 1394 3347 l

286 3458 288 3476 i
373 3403 446 3473 dita
470 3415 535 3494 est,
559 3401 696 3473 duobus
720 3400 863 3473 saeculis
887 3413 978 3497 post,
997 3399 1194 3496 Academia,
1208 3407 1270 3478 dal
1284 3405 1333 3478 Gi-
1392 3461 1393 3472 ,

296 3506 298 3517 ¹
370 3533 487 3598 mento
510 3524 702 3620 appellata,
727 3547 815 3621 quae
834 3535 907 3595 tota
928 3523 994 3596 suit
1015 3539 1157 3598 naturae
1178 3527 1335 3625 disquisi-

374 3645 527 3720 tionibus
546 3646 715 3720 destinata
725 3646 789 3747 (ἢ
827 3646 928 3719 Hand
943 3647 1042 3722 facile
1062 3649 1147 3724 haec
1166 3653 1337 3725 vaticinari

373 3763 493 3860 Plato,
527 3795 635 3865 quum
667 3769 703 3888 in
732 3771 794 3842 suA
814 3767 1114 3867 philosopharetur
1134 3771 1336 3863 Academia,

403 4041 445 4112 (a)
460 4043 493 4094 ii.
509 4042 616 4109 arcora
633 4039 650 4091 i.
669 4037 687 4088 i.
