<?xml version="1.0" encoding="UTF-8"?>
<!DOCTYPE html PUBLIC "-//W3C//DTD XHTML 1.0 Transitional//EN"
    "http://www.w3.org/TR/xhtml1/DTD/xhtml1-transitional.dtd">
<html xmlns="http://www.w3.org/1999/xhtml" xml:lang="en" lang="en">
 <head>
  <title>
</title>
<meta http-equiv="Content-Type" content="text/html;charset=utf-8" />
  <meta name='ocr-system' content='tesseract 3.04.00' />
  <meta name='ocr-capabilities' content='ocr_page ocr_carea ocr_par ocr_line ocrx_word'/>
</head>
<body>
  <div class='ocr_page' id='page_1' title='image "./characterismipr00heusgoog_0158.png"; bbox 0 0 2828 5098; ppageno 0'>
   <div class='ocr_carea' id='block_1_1' title="bbox 454 484 669 557">
    <p class='ocr_par' dir='ltr' id='par_1_1' title="bbox 454 484 669 557">
     <span class='ocr_line' id='line_1_1' title="bbox 454 484 669 557; baseline -0.019 0"><span class='ocrx_word' id='word_1_1' title='bbox 454 484 669 557; x_wconf 75' lang='lat'>-145-</span> 
     </span>
    </p>
   </div>
   <div class='ocr_carea' id='block_1_2' title="bbox 71 683 1137 2984">
    <p class='ocr_par' dir='ltr' id='par_1_2' title="bbox 71 683 1137 2984">
     <span class='ocr_line' id='line_1_2' title="bbox 83 683 1040 782; baseline 0.001 -24"><span class='ocrx_word' id='word_1_2' title='bbox 83 688 256 778; x_wconf 78' lang='lat' dir='ltr'><strong>naturales,</strong></span> <span class='ocrx_word' id='word_1_3' title='bbox 272 683 317 758; x_wconf 51' lang='lat' dir='ltr'><strong>¹ut</strong></span> <span class='ocrx_word' id='word_1_4' title='bbox 337 685 455 757; x_wconf 89' lang='lat' dir='ltr'><strong>turbet</strong></span> <span class='ocrx_word' id='word_1_5' title='bbox 477 689 583 779; x_wconf 84' lang='lat' dir='ltr'><strong>magis</strong></span> <span class='ocrx_word' id='word_1_6' title='bbox 606 687 736 778; x_wconf 88' lang='lat' dir='ltr'><strong>omnia,</strong></span> <span class='ocrx_word' id='word_1_7' title='bbox 760 711 865 782; x_wconf 88' lang='lat' dir='ltr'><strong>quam</strong></span> <span class='ocrx_word' id='word_1_8' title='bbox 883 689 1040 762; x_wconf 79' lang='lat' dir='ltr'><strong>illustret.</strong></span> 
     </span>
     <span class='ocr_line' id='line_1_3' title="bbox 81 807 1043 906; baseline 0.006 -26"><span class='ocrx_word' id='word_1_9' title='bbox 81 811 177 904; x_wconf 85' lang='lat' dir='ltr'><strong>Cujus</strong></span> <span class='ocrx_word' id='word_1_10' title='bbox 193 812 242 880; x_wconf 91' lang='lat' dir='ltr'><strong>rei</strong></span> <span class='ocrx_word' id='word_1_11' title='bbox 264 809 508 880; x_wconf 84' lang='lat' dir='ltr'><strong>documentum</strong></span> <span class='ocrx_word' id='word_1_12' title='bbox 528 811 564 878; x_wconf 90' lang='lat' dir='ltr'><strong>in</strong></span> <span class='ocrx_word' id='word_1_13' title='bbox 586 810 704 904; x_wconf 88' lang='lat' dir='ltr'><strong>primis</strong></span> <span class='ocrx_word' id='word_1_14' title='bbox 721 807 888 879; x_wconf 79' lang='lat' dir='ltr'><strong>Timaeus</strong></span> <span class='ocrx_word' id='word_1_15' title='bbox 900 823 963 901; x_wconf 87' lang='lat' dir='ltr'><strong>est,</strong></span> <span class='ocrx_word' id='word_1_16' title='bbox 975 837 1043 906; x_wconf 90' lang='lat' dir='ltr'><strong>quo</strong></span> 
     </span>
     <span class='ocr_line' id='line_1_4' title="bbox 78 901 1113 1028; baseline 0.003 -26"><span class='ocrx_word' id='word_1_17' title='bbox 78 955 207 1006; x_wconf 91' lang='lat' dir='ltr'><strong>ornnem</strong></span> <span class='ocrx_word' id='word_1_18' title='bbox 229 934 402 1028; x_wconf 83' lang='lat' dir='ltr'><strong>exposuit,</strong></span> <span class='ocrx_word' id='word_1_19' title='bbox 427 957 530 1028; x_wconf 90' lang='lat' dir='ltr'><strong>quam</strong></span> <span class='ocrx_word' id='word_1_20' title='bbox 550 933 710 1028; x_wconf 82' lang='lat' dir='ltr'><strong>consequi</strong></span> <span class='ocrx_word' id='word_1_21' title='bbox 733 914 904 1028; x_wconf 87' lang='lat' dir='ltr'><strong>potuerat,</strong></span> <span class='ocrx_word' id='word_1_22' title='bbox 931 901 1053 1005; x_wconf 33' lang='lat' dir='ltr'><strong>rerum*</strong></span> <span class='ocrx_word' id='word_1_23' title='bbox 1109 977 1113 996; x_wconf 68' lang='grc' dir='ltr'><strong><em>ι</em></strong></span> 
     </span>
     <span class='ocr_line' id='line_1_5' title="bbox 76 1053 1045 1150; baseline 0.002 -26"><span class='ocrx_word' id='word_1_24' title='bbox 76 1055 288 1150; x_wconf 88' lang='lat' dir='ltr'><strong>physicarum</strong></span> <span class='ocrx_word' id='word_1_25' title='bbox 309 1054 508 1126; x_wconf 84' lang='lat' dir='ltr'><strong>doctrinam.</strong></span> <span class='ocrx_word' id='word_1_26' title='bbox 559 1053 725 1124; x_wconf 87' lang='lat' dir='ltr'><strong>Proficere</strong></span> <span class='ocrx_word' id='word_1_27' title='bbox 746 1053 826 1124; x_wconf 90' lang='lat' dir='ltr'><strong>inde</strong></span> <span class='ocrx_word' id='word_1_28' title='bbox 844 1079 965 1148; x_wconf 87' lang='lat' dir='ltr'><strong>parum</strong></span> <span class='ocrx_word' id='word_1_29' title='bbox 977 1080 1045 1126; x_wconf 92' lang='lat' dir='ltr'><strong>om-</strong></span> 
     </span>
     <span class='ocr_line' id='line_1_6' title="bbox 75 1173 1045 1273; baseline 0.004 -27"><span class='ocrx_word' id='word_1_30' title='bbox 75 1180 107 1246; x_wconf 92' lang='lat' dir='ltr'><strong>ni</strong></span> <span class='ocrx_word' id='word_1_31' title='bbox 133 1173 214 1249; x_wconf 83' lang='lat' dir='ltr'><strong>acro</strong></span> <span class='ocrx_word' id='word_1_32' title='bbox 243 1201 356 1248; x_wconf 88' lang='lat' dir='ltr'><strong>rerum</strong></span> <span class='ocrx_word' id='word_1_33' title='bbox 378 1178 586 1248; x_wconf 82' lang='lat' dir='ltr'><strong>naturalium</strong></span> <span class='ocrx_word' id='word_1_34' title='bbox 602 1179 911 1273; x_wconf 84' lang='lat' dir='ltr'><strong>perscrutatoribus</strong></span> <span class='ocrx_word' id='word_1_35' title='bbox 930 1179 1045 1251; x_wconf 90' lang='lat' dir='ltr'><strong>licuit:</strong></span> 
     </span>
     <span class='ocr_line' id='line_1_7' title="bbox 74 1297 1046 1394; baseline 0.006 -28"><span class='ocrx_word' id='word_1_36' title='bbox 74 1297 108 1366; x_wconf 92' lang='lat' dir='ltr'><strong>hi</strong></span> <span class='ocrx_word' id='word_1_37' title='bbox 129 1298 213 1370; x_wconf 88' lang='lat' dir='ltr'><strong>adeo</strong></span> <span class='ocrx_word' id='word_1_38' title='bbox 235 1299 406 1372; x_wconf 89' lang='lat' dir='ltr'><strong>communi</strong></span> <span class='ocrx_word' id='word_1_39' title='bbox 424 1299 494 1370; x_wconf 89' lang='lat' dir='ltr'><strong>fere</strong></span> <span class='ocrx_word' id='word_1_40' title='bbox 516 1321 682 1371; x_wconf 88' lang='lat' dir='ltr'><strong>consensu</strong></span> <span class='ocrx_word' id='word_1_41' title='bbox 704 1301 855 1394; x_wconf 90' lang='lat' dir='ltr'><strong>ineptam</strong></span> <span class='ocrx_word' id='word_1_42' title='bbox 873 1299 1046 1372; x_wconf 87' lang='lat' dir='ltr'><strong>hancesse</strong></span> 
     </span>
     <span class='ocr_line' id='line_1_8' title="bbox 74 1421 1046 1516; baseline 0.003 -26"><span class='ocrx_word' id='word_1_43' title='bbox 74 1443 112 1492; x_wconf 87' lang='lat' dir='ltr'><strong>ac</strong></span> <span class='ocrx_word' id='word_1_44' title='bbox 129 1445 321 1516; x_wconf 81' lang='lat' dir='ltr'><strong>perversam</strong></span> <span class='ocrx_word' id='word_1_45' title='bbox 342 1433 483 1492; x_wconf 86' lang='lat' dir='ltr'><strong>naturae</strong></span> <span class='ocrx_word' id='word_1_46' title='bbox 504 1421 713 1515; x_wconf 82' lang='lat' dir='ltr'><strong>indagandae</strong></span> <span class='ocrx_word' id='word_1_47' title='bbox 726 1423 899 1506; x_wconf 53' lang='lat' dir='ltr'><strong>„rationem</strong></span> <span class='ocrx_word' id='word_1_48' title='bbox 916 1435 1046 1494; x_wconf 86' lang='lat' dir='ltr'><strong>statue-</strong></span> 
     </span>
     <span class='ocr_line' id='line_1_9' title="bbox 74 1531 1046 1640; baseline 0.003 -27"><span class='ocrx_word' id='word_1_49' title='bbox 74 1557 163 1614; x_wconf 83' lang='lat' dir='ltr'><strong>runt.</strong></span> <span class='ocrx_word' id='word_1_50' title='bbox 203 1531 303 1640; x_wconf 22' lang='lat' dir='ltr'><strong>*Apta</strong></span> <span class='ocrx_word' id='word_1_51' title='bbox 320 1531 474 1615; x_wconf 58' lang='lat' dir='ltr'><strong>&#39;omnino</strong></span> <span class='ocrx_word' id='word_1_52' title='bbox 502 1543 717 1640; x_wconf 83' lang='lat' dir='ltr'><strong>philosophia</strong></span> <span class='ocrx_word' id='word_1_53' title='bbox 739 1545 888 1616; x_wconf 86' lang='lat' dir='ltr'><strong>Platonis</strong></span> <span class='ocrx_word' id='word_1_54' title='bbox 919 1559 971 1617; x_wconf 90' lang='lat' dir='ltr'><strong>est</strong></span> <span class='ocrx_word' id='word_1_55' title='bbox 1001 1547 1046 1616; x_wconf 92' lang='lat' dir='ltr'><strong>ad</strong></span> 
     </span>
     <span class='ocr_line' id='line_1_10' title="bbox 75 1649 1045 1768; baseline 0.006 -35"><span class='ocrx_word' id='word_1_56' title='bbox 75 1665 265 1737; x_wconf 84' lang='lat' dir='ltr'><strong>interiorem</strong></span> <span class='ocrx_word' id='word_1_57' title='bbox 282 1668 352 1737; x_wconf 87' lang='lat' dir='ltr'><strong>sive</strong></span> <span class='ocrx_word' id='word_1_58' title='bbox 370 1649 535 1737; x_wconf 88' lang='lat' dir='ltr'><strong>moralem</strong></span> <span class='ocrx_word' id='word_1_59' title='bbox 556 1665 725 1768; x_wconf 83' lang='lat' dir='ltr'><strong>mundum</strong></span> <span class='ocrx_word' id='word_1_60' title='bbox 745 1668 1045 1762; x_wconf 82' lang='lat' dir='ltr'><strong>investigandum,</strong></span> 
     </span>
     <span class='ocr_line' id='line_1_11' title="bbox 75 1787 1047 1881; baseline 0.001 -23"><span class='ocrx_word' id='word_1_61' title='bbox 75 1788 115 1858; x_wconf 87' lang='lat' dir='ltr'><strong>ad</strong></span> <span class='ocrx_word' id='word_1_62' title='bbox 132 1789 333 1860; x_wconf 86' lang='lat' dir='ltr'><strong>exteriorem</strong></span> <span class='ocrx_word' id='word_1_63' title='bbox 352 1787 624 1881; x_wconf 83' lang='lat' dir='ltr'><strong>cognoscendum</strong></span> <span class='ocrx_word' id='word_1_64' title='bbox 642 1787 811 1858; x_wconf 89' lang='lat' dir='ltr'><strong>mundum</strong></span> <span class='ocrx_word' id='word_1_65' title='bbox 826 1813 895 1859; x_wconf 89' lang='lat' dir='ltr'><strong>nou</strong></span> <span class='ocrx_word' id='word_1_66' title='bbox 912 1803 964 1859; x_wconf 91' lang='lat' dir='ltr'><strong>est</strong></span> <span class='ocrx_word' id='word_1_67' title='bbox 976 1791 1047 1860; x_wconf 91' lang='lat' dir='ltr'><strong>ido-</strong></span> 
     </span>
     <span class='ocr_line' id='line_1_12' title="bbox 75 1909 1113 2005; baseline -0.002 -25"><span class='ocrx_word' id='word_1_68' title='bbox 75 1933 142 1980; x_wconf 90' lang='lat' dir='ltr'><strong>nea.</strong></span> <span class='ocrx_word' id='word_1_69' title='bbox 176 1911 265 1981; x_wconf 90' lang='lat' dir='ltr'><strong>Tum</strong></span> <span class='ocrx_word' id='word_1_70' title='bbox 279 1934 358 1982; x_wconf 85' lang='lat' dir='ltr'><strong>rero</strong></span> <span class='ocrx_word' id='word_1_71' title='bbox 370 1911 547 1982; x_wconf 86' lang='lat' dir='ltr'><strong>dialectica</strong></span> <span class='ocrx_word' id='word_1_72' title='bbox 558 1909 768 2005; x_wconf 90' lang='lat' dir='ltr'><strong>philosophi,</strong></span> <span class='ocrx_word' id='word_1_73' title='bbox 781 1933 869 2004; x_wconf 87' lang='lat' dir='ltr'><strong>quae</strong></span> <span class='ocrx_word' id='word_1_74' title='bbox 880 1911 1048 1982; x_wconf 86' lang='lat' dir='ltr'><strong>cernendo</strong></span> <span class='ocrx_word' id='word_1_75' title='bbox 1107 1972 1113 1978; x_wconf 91' lang='lat'>.</span> 
     </span>
     <span class='ocr_line' id='line_1_13' title="bbox 71 2010 1048 2130; baseline 0 -26"><span class='ocrx_word' id='word_1_76' title='bbox 71 2034 327 2130; x_wconf 83' lang='lat' dir='ltr'><strong>jungendoque,</strong></span> <span class='ocrx_word' id='word_1_77' title='bbox 346 2035 383 2104; x_wconf 89' lang='grc'><strong>111</strong></span> <span class='ocrx_word' id='word_1_78' title='bbox 408 2035 528 2130; x_wconf 86' lang='lat' dir='ltr'><strong>primis</strong></span> <span class='ocrx_word' id='word_1_79' title='bbox 543 2057 629 2104; x_wconf 58' lang='lat' dir='ltr'><strong>‘vero</strong></span> <span class='ocrx_word' id='word_1_80' title='bbox 651 2010 821 2104; x_wconf 89' lang='lat' dir='ltr'><strong>cernendo</strong></span> <span class='ocrx_word' id='word_1_81' title='bbox 844 2033 1048 2124; x_wconf 87' lang='lat' dir='ltr'><strong>continetur,</strong></span> 
     </span>
     <span class='ocr_line' id='line_1_14' title="bbox 75 2154 1114 2250; baseline 0.003 -25"><span class='ocrx_word' id='word_1_82' title='bbox 75 2169 110 2226; x_wconf 92' lang='lat' dir='ltr'><strong>ut</strong></span> <span class='ocrx_word' id='word_1_83' title='bbox 132 2157 176 2228; x_wconf 89' lang='lat' dir='ltr'><strong>ad</strong></span> <span class='ocrx_word' id='word_1_84' title='bbox 204 2155 445 2250; x_wconf 87' lang='lat' dir='ltr'><strong>inveniendum</strong></span> <span class='ocrx_word' id='word_1_85' title='bbox 466 2167 518 2226; x_wconf 90' lang='lat' dir='ltr'><strong>est</strong></span> <span class='ocrx_word' id='word_1_86' title='bbox 538 2154 904 2245; x_wconf 83' lang='lat' dir='ltr'><strong>accommodatissima,</strong></span> <span class='ocrx_word' id='word_1_87' title='bbox 924 2155 971 2224; x_wconf 90' lang='lat' dir='ltr'><strong>ita</strong></span> <span class='ocrx_word' id='word_1_88' title='bbox 993 2157 1049 2228; x_wconf 85' lang='lat' dir='ltr'><strong>vix</strong></span> <span class='ocrx_word' id='word_1_89' title='bbox 1107 2201 1114 2208; x_wconf 80' lang='lat'><strong>,</strong></span> 
     </span>
     <span class='ocr_line' id='line_1_15' title="bbox 75 2251 1051 2374; baseline 0.002 -28"><span class='ocrx_word' id='word_1_90' title='bbox 75 2279 226 2350; x_wconf 91' lang='lat' dir='ltr'><strong>adhiberi</strong></span> <span class='ocrx_word' id='word_1_91' title='bbox 243 2279 287 2348; x_wconf 92' lang='lat' dir='ltr'><strong>ad</strong></span> <span class='ocrx_word' id='word_1_92' title='bbox 308 2278 525 2374; x_wconf 87' lang='lat' dir='ltr'><strong>probandum</strong></span> <span class='ocrx_word' id='word_1_93' title='bbox 539 2251 913 2372; x_wconf 83' lang='lat' dir='ltr'><strong>demonstrandumque</strong></span> <span class='ocrx_word' id='word_1_94' title='bbox 922 2290 1051 2373; x_wconf 81' lang='lat' dir='ltr'><strong>potest:</strong></span> 
     </span>
     <span class='ocr_line' id='line_1_16' title="bbox 74 2387 1051 2504; baseline 0 -34"><span class='ocrx_word' id='word_1_95' title='bbox 74 2387 297 2504; x_wconf 84' lang='lat' dir='ltr'><strong>quamohrem</strong></span> <span class='ocrx_word' id='word_1_96' title='bbox 327 2395 538 2492; x_wconf 89' lang='lat' dir='ltr'><strong>philosophis</strong></span> <span class='ocrx_word' id='word_1_97' title='bbox 564 2397 781 2470; x_wconf 86' lang='lat' dir='ltr'><strong>instituendis</strong></span> <span class='ocrx_word' id='word_1_98' title='bbox 803 2398 1051 2491; x_wconf 88' lang='lat' dir='ltr'><strong>disquisitioni·</strong></span> 
     </span>
     <span class='ocr_line' id='line_1_17' title="bbox 74 2512 1052 2616; baseline -0.002 -22"><span class='ocrx_word' id='word_1_99' title='bbox 74 2524 139 2594; x_wconf 91' lang='lat' dir='ltr'><strong>bus</strong></span> <span class='ocrx_word' id='word_1_100' title='bbox 160 2522 284 2615; x_wconf 83' lang='lat' dir='ltr'><strong>magis,</strong></span> <span class='ocrx_word' id='word_1_101' title='bbox 301 2516 404 2616; x_wconf 85' lang='lat' dir='ltr'><strong>quam</strong></span> <span class='ocrx_word' id='word_1_102' title='bbox 420 2512 603 2589; x_wconf 87' lang='lat' dir='ltr'><strong>tractandis</strong></span> <span class='ocrx_word' id='word_1_103' title='bbox 620 2517 781 2616; x_wconf 88' lang='lat' dir='ltr'><strong>doctrinis</strong></span> <span class='ocrx_word' id='word_1_104' title='bbox 799 2515 948 2594; x_wconf 86' lang='lat' dir='ltr'><strong>inservit.</strong></span> <span class='ocrx_word' id='word_1_105' title='bbox 984 2523 1052 2592; x_wconf 91' lang='lat' dir='ltr'><strong>Sed</strong></span> 
     </span>
     <span class='ocr_line' id='line_1_18' title="bbox 75 2637 1052 2738; baseline -0.003 -23"><span class='ocrx_word' id='word_1_106' title='bbox 75 2645 136 2717; x_wconf 91' lang='lat' dir='ltr'><strong>hac</strong></span> <span class='ocrx_word' id='word_1_107' title='bbox 159 2641 205 2714; x_wconf 87' lang='lat' dir='ltr'><strong>de</strong></span> <span class='ocrx_word' id='word_1_108' title='bbox 223 2667 260 2713; x_wconf 87' lang='lat' dir='ltr'><strong>re</strong></span> <span class='ocrx_word' id='word_1_109' title='bbox 277 2643 449 2738; x_wconf 88' lang='lat' dir='ltr'><strong>deinceps,</strong></span> <span class='ocrx_word' id='word_1_110' title='bbox 473 2651 654 2736; x_wconf 89' lang='lat' dir='ltr'><strong>postquam</strong></span> <span class='ocrx_word' id='word_1_111' title='bbox 663 2637 885 2710; x_wconf 81' lang='lat' dir='ltr'><strong>Aristoteleae</strong></span> <span class='ocrx_word' id='word_1_112' title='bbox 901 2640 1052 2737; x_wconf 92' lang='lat' dir='ltr'><strong>philoso-</strong></span> 
     </span>
     <span class='ocr_line' id='line_1_19' title="bbox 76 2762 1137 2863; baseline -0.006 -25"><span class='ocrx_word' id='word_1_113' title='bbox 76 2766 176 2863; x_wconf 87' lang='lat' dir='ltr'><strong>phiae</strong></span> <span class='ocrx_word' id='word_1_114' title='bbox 204 2762 361 2840; x_wconf 80' lang='lat' dir='ltr'><strong>naturam</strong></span> <span class='ocrx_word' id='word_1_115' title='bbox 391 2790 430 2836; x_wconf 92' lang='lat' dir='ltr'><strong>ac</strong></span> <span class='ocrx_word' id='word_1_116' title='bbox 459 2764 624 2835; x_wconf 89' lang='lat' dir='ltr'><strong>rationem</strong></span> <span class='ocrx_word' id='word_1_117' title='bbox 653 2764 925 2860; x_wconf 80' lang='lat' dir='ltr'><strong>exposuerimus3</strong></span> <span class='ocrx_word' id='word_1_118' title='bbox 960 2788 1051 2834; x_wconf 90' lang='lat' dir='ltr'><strong>nuuc</strong></span> <span class='ocrx_word' id='word_1_119' title='bbox 1134 2841 1137 2846; x_wconf 6' lang='lat' dir='ltr'><strong>q</strong></span> 
     </span>
     <span class='ocr_line' id='line_1_20' title="bbox 77 2886 917 2984; baseline 0.001 -25"><span class='ocrx_word' id='word_1_120' title='bbox 77 2891 267 2964; x_wconf 88' lang='lat' dir='ltr'><strong>Platonicae</strong></span> <span class='ocrx_word' id='word_1_121' title='bbox 294 2890 483 2984; x_wconf 84' lang='lat' dir='ltr'><strong>exprimere</strong></span> <span class='ocrx_word' id='word_1_122' title='bbox 501 2886 727 2958; x_wconf 87' lang='lat' dir='ltr'><strong>characterem</strong></span> <span class='ocrx_word' id='word_1_123' title='bbox 747 2911 917 2962; x_wconf 88' lang='lat' dir='ltr'><strong>conemur.</strong></span> 
     </span>
    </p>
   </div>
   <div class='ocr_carea' id='block_1_3' title="bbox 503 3131 631 3160">
    <p class='ocr_par' dir='ltr' id='par_1_3' title="bbox 503 3131 631 3160">
     <span class='ocr_line' id='line_1_21' title="bbox 503 3131 631 3160; baseline -0.008 0"><span class='ocrx_word' id='word_1_124' title='bbox 503 3131 631 3160; x_wconf 51' lang='lat' dir='ltr'><strong>*Q-</strong></span> 
     </span>
    </p>
   </div>
   <div class='ocr_carea' id='block_1_4' title="bbox 352 3255 788 3368">
    <p class='ocr_par' dir='ltr' id='par_1_4' title="bbox 352 3255 788 3368">
     <span class='ocr_line' id='line_1_22' title="bbox 726 3255 736 3278; baseline 0 0"><span class='ocrx_word' id='word_1_125' title='bbox 726 3255 736 3278; x_wconf 65' lang='lat' dir='ltr'><strong>s</strong></span> 
     </span>
     <span class='ocr_line' id='line_1_23' title="bbox 352 3318 788 3368; baseline 0.002 -5"><span class='ocrx_word' id='word_1_126' title='bbox 352 3319 575 3368; x_wconf 60' lang='lat' dir='ltr'><strong>rutlrosorrrlnn</strong></span> <span class='ocrx_word' id='word_1_127' title='bbox 599 3318 788 3365; x_wconf 71' lang='lat' dir='ltr'><strong>ectromate</strong></span> 
     </span>
    </p>
   </div>
   <div class='ocr_carea' id='block_1_5' title="bbox 473 3467 669 3544">
    <p class='ocr_par' dir='ltr' id='par_1_5' title="bbox 473 3467 669 3544">
     <span class='ocr_line' id='line_1_24' title="bbox 473 3467 669 3544; baseline -0.01 -29"><span class='ocrx_word' id='word_1_128' title='bbox 473 3467 669 3544; x_wconf 68' lang='lat' dir='ltr'><strong>curatorum</strong></span> 
     </span>
    </p>
   </div>
   <div class='ocr_carea' id='block_1_6' title="bbox 84 3612 1058 3953">
    <p class='ocr_par' dir='ltr' id='par_1_6' title="bbox 84 3612 1058 3953">
     <span class='ocr_line' id='line_1_25' title="bbox 126 3612 1055 3724; baseline -0.002 -38"><span class='ocrx_word' id='word_1_129' title='bbox 126 3615 204 3686; x_wconf 90' lang='lat' dir='ltr'><strong>Non</strong></span> <span class='ocrx_word' id='word_1_130' title='bbox 235 3614 301 3724; x_wconf 85' lang='lat' dir='ltr'><strong>alia¹</strong></span> <span class='ocrx_word' id='word_1_131' title='bbox 327 3625 379 3684; x_wconf 88' lang='lat' dir='ltr'><strong>est</strong></span> <span class='ocrx_word' id='word_1_132' title='bbox 409 3613 530 3708; x_wconf 85' lang='lat' dir='ltr'><strong>hujus,</strong></span> <span class='ocrx_word' id='word_1_133' title='bbox 566 3637 670 3708; x_wconf 88' lang='lat' dir='ltr'><strong>quarn</strong></span> <span class='ocrx_word' id='word_1_134' title='bbox 692 3613 879 3686; x_wconf 84' lang='lat' dir='ltr'><strong>Socraticae</strong></span> <span class='ocrx_word' id='word_1_135' title='bbox 898 3612 1055 3712; x_wconf 79' lang='lat' dir='ltr'><strong>philoso-</strong></span> 
     </span>
     <span class='ocr_line' id='line_1_26' title="bbox 84 3734 1057 3830; baseline -0.002 -24"><span class='ocrx_word' id='word_1_136' title='bbox 84 3735 184 3828; x_wconf 91' lang='lat' dir='ltr'><strong>phiae</strong></span> <span class='ocrx_word' id='word_1_137' title='bbox 210 3737 308 3807; x_wconf 87' lang='lat' dir='ltr'><strong>ratio.</strong></span> <span class='ocrx_word' id='word_1_138' title='bbox 359 3735 443 3806; x_wconf 90' lang='lat' dir='ltr'><strong>Nam</strong></span> <span class='ocrx_word' id='word_1_139' title='bbox 470 3735 583 3806; x_wconf 91' lang='lat' dir='ltr'><strong>indole</strong></span> <span class='ocrx_word' id='word_1_140' title='bbox 612 3747 646 3805; x_wconf 94' lang='lat' dir='ltr'><strong>et</strong></span> <span class='ocrx_word' id='word_1_141' title='bbox 679 3734 858 3830; x_wconf 91' lang='lat' dir='ltr'><strong>disciplina</strong></span> <span class='ocrx_word' id='word_1_142' title='bbox 880 3735 976 3806; x_wconf 85' lang='lat' dir='ltr'><strong>Plato</strong></span> <span class='ocrx_word' id='word_1_143' title='bbox 994 3735 1057 3804; x_wconf 60' lang='lat' dir='ltr'><strong>So*</strong></span> 
     </span>
     <span class='ocr_line' id='line_1_27' title="bbox 84 3855 1058 3953; baseline -0.005 -27"><span class='ocrx_word' id='word_1_144' title='bbox 84 3860 230 3930; x_wconf 89' lang='lat' dir='ltr'><strong>craticus</strong></span> <span class='ocrx_word' id='word_1_145' title='bbox 257 3857 335 3948; x_wconf 79' lang='lat' dir='ltr'><strong>luit,</strong></span> <span class='ocrx_word' id='word_1_146' title='bbox 358 3869 393 3927; x_wconf 89' lang='lat' dir='ltr'><strong>et</strong></span> <span class='ocrx_word' id='word_1_147' title='bbox 414 3858 567 3953; x_wconf 87' lang='lat' dir='ltr'><strong>quamvis</strong></span> <span class='ocrx_word' id='word_1_148' title='bbox 590 3856 737 3928; x_wconf 85' lang='lat' dir='ltr'><strong>subinde</strong></span> <span class='ocrx_word' id='word_1_149' title='bbox 759 3883 778 3928; x_wconf 95' lang='lat' dir='ltr'><strong>a</strong></span> <span class='ocrx_word' id='word_1_150' title='bbox 796 3860 956 3953; x_wconf 85' lang='lat' dir='ltr'><strong>magistro</strong></span> <span class='ocrx_word' id='word_1_151' title='bbox 986 3855 1058 3922; x_wconf 88' lang='lat' dir='ltr'><strong>dis-</strong></span> 
     </span>
    </p>
   </div>
   <div class='ocr_carea' id='block_1_7' title="bbox 88 3961 1058 4170">
    <p class='ocr_par' dir='ltr' id='par_1_7' title="bbox 88 3961 1058 4170">
     <span class='ocr_line' id='line_1_28' title="bbox 88 3961 1058 4075; baseline -0.011 -23"><span class='ocrx_word' id='word_1_152' title='bbox 88 3982 238 4071; x_wconf 86' lang='lat' dir='ltr'><strong>cesserit,</strong></span> <span class='ocrx_word' id='word_1_153' title='bbox 255 3961 362 4075; x_wconf 83' lang='lat' dir='ltr'><strong>eaque</strong></span> <span class='ocrx_word' id='word_1_154' title='bbox 383 3982 516 4074; x_wconf 91' lang='lat' dir='ltr'><strong>assequi</strong></span> <span class='ocrx_word' id='word_1_155' title='bbox 539 3979 719 4071; x_wconf 86' lang='lat' dir='ltr'><strong>studuerit,</strong></span> <span class='ocrx_word' id='word_1_156' title='bbox 741 4005 828 4075; x_wconf 90' lang='lat' dir='ltr'><strong>quae</strong></span> <span class='ocrx_word' id='word_1_157' title='bbox 849 3973 1058 4071; x_wconf 89' lang='lat' dir='ltr'><strong>captumho-</strong></span> 
     </span>
     <span class='ocr_line' id='line_1_29' title="bbox 871 4096 960 4170; baseline 0.056 -5"><span class='ocrx_word' id='word_1_158' title='bbox 871 4096 915 4166; x_wconf 90' lang='lat'><strong>10</strong></span> <span class='ocrx_word' id='word_1_159' title='bbox 959 4165 960 4170; x_wconf 75' lang='grc'>,</span> 
     </span>
    </p>
   </div>
   <div class='ocr_carea' id='block_1_8' title="bbox 0 0 1420 5098">
    <p class='ocr_par' dir='ltr' id='par_1_8' title="bbox 0 0 1420 5098">
     <span class='ocr_line' id='line_1_30' title="bbox 0 0 1420 5098; baseline 0 0"><span class='ocrx_word' id='word_1_160' title='bbox 0 0 1420 5098; x_wconf 95' lang='lat' dir='ltr'><strong> </strong></span> 
     </span>
    </p>
   </div>
  </div>
 </body>
</html>
