2836 5080
723 503 907 576 -12...

331 723 399 774 aar
421 694 592 794 ἐπιθυμεῖν·
617 706 727 772 ταῦτα
748 695 783 774 δὲ
805 695 977 795 πράττων,
1001 701 1068 779 πῶς
1091 701 1128 770 οὐ
1148 695 1301 796 μεγάλης

334 821 425 913 abac
448 811 482 910 ir
505 823 600 914 vteris
622 822 664 916 τῇ
686 818 779 894 πόλει
801 819 816 916 (
837 817 863 916 ).

722 1083 902 1114 «ιφ-

563 1273 730 1345 Socrates
755 1274 853 1368 opud
876 1271 1078 1346 Platonas..

385 1431 528 1520 Qualem
558 1431 655 1504 nohis
689 1431 857 1502 Socratem
888 1428 1077 1524 Xenophon
1105 1433 1299 1524 proposuit,

339 1555 416 1628 talis
438 1555 507 1626 iere
528 1554 587 1626 ille
608 1555 645 1624 in
666 1553 814 1626 Platonis
838 1551 979 1645 dialogis
1003 1563 1122 1623 exstat.
1152 1553 1301 1624 Eandem

339 1679 376 1748 in
398 1677 465 1751 illis
487 1678 549 1747 riri
572 1678 831 1765 continentiam,
855 1674 1079 1771 probitatem,
1101 1677 1303 1771 sapientiam

338 1800 555 1872 admiramur.
604 1799 643 1870 ln
668 1797 808 1894 Gorgia
830 1796 926 1886 adeo,
947 1796 984 1866 in
1005 1795 1208 1888 Phaedone,
1226 1823 1302 1868 ma—

337 1923 494 2018 ximeque
524 1923 560 1992 in
595 1920 735 1992 Politr'o
768 1922 817 1992 sic
845 1943 925 1992 eum
953 1933 988 1992 et
1007 1920 1185 1992 docentem
1206 1922 1304 1992 audi·

337 2071 413 2118 mus
436 2047 597 2116 virtutem
621 2055 655 2114 et
677 2045 721 2114 ab
741 2043 904 2138 improbis
925 2043 1120 2115 hominihus
1136 2044 1304 2117 vindican-

338 2183 419 2258 tem,
444 2179 483 2238 ut
505 2167 554 2236 nil
577 2166 674 2236 nohis
695 2167 755 2236 ille
777 2165 884 2236 videri
906 2167 1156 2262 praestabilium,
1170 2180 1305 2264 exopta·

338 2293 429 2380 tius,
463 2289 611 2360 divinius
643 2287 766 2358 debeat
797 2286 870 2384 (†).
919 2288 977 2360 Est
1000 2301 1125 2392 'tamen
1158 2291 1305 2362 subinde

340 2409 586 2508 Xenophonteo
607 2412 734 2482 Socrati
756 2410 947 2482 Platonicus
967 2411 1152 2502 dissimilis,
1175 2425 1214 2484 ut
1235 2438 1305 2485 non

339 2559 473 2632 semper
508 2535 566 2606 ille
603 2535 679 2606 talis
706 2533 809 2606 luisse
836 2533 1003 2606 rideatur.
1052 2535 1091 2605 In
1116 2535 1305 2632 Symposio

338 2659 486 2732 Platonis
509 2658 678 2730 cernimus
700 2680 779 2725 eum
801 2654 843 2725 ad
867 2667 1062 2751 utrumque,
1085 2669 1155 2728 tam
1176 2659 1220 2730 ad
1246 2684 1305 2755 po

228 2845 231 2852 .
338 2780 495 2870 tandum,
515 2801 619 2872 quam
640 2777 684 2847 ad
705 2776 945 2848 abstinendum
956 2791 1125 2872 paratum.
1149 2777 1306 2878 »Σωκρά-

337 2930 398 2992 τη,
431 2902 479 2970 ait
509 2899 705 2989 Pausanias,
730 2894 843 2995 ἔξαίρω
870 2898 1071 2996 rediisse·
1102 2903 1207 2981 ἱκανὸς
1233 2901 1304 3000 γὰρ

337 3024 394 3096 tal
426 3019 603 3118 ἀμφότερα
631 3019 719 3118 (W
768 3021 806 3092 ln
834 3022 927 3092 exitu
957 3021 1043 3094 adeo
1071 3024 1214 3094 convivii
1235 3050 1304 3096 uon

336 3146 442 3239 magis
464 3168 566 3240 quam
581 3140 822 3238 Aristophanes
843 3142 1020 3214 exhaurire
1036 3143 1172 3218 dubitat
1193 3159 1305 3219 totum

336 3267 506 3340 lavacrum
527 3268 606 3337 vino
627 3264 796 3360 repletum
820 3264 901 3363 (²⁶³⁸).
936 3266 1024 3336 Tum
1045 3268 1147 3338 etiam
1169 3269 1205 3337 in
1232 3270 1302 3364 ple-

336 3392 450 3485 risque
481 3389 629 3461 Platonis
651 3386 791 3481 dialogis
814 3388 863 3460 sie
882 3387 989 3460 ironia
1014 3390 1140 3480 utitur,
1164 3403 1203 3460 ut
1224 3391 1302 3462 ferri

336 3513 391 3582 vix
426 3534 525 3606 posse
553 3510 597 3580 ah
620 3509 837 3582 audientibus
860 3513 934 3603 ejus
964 3513 1172 3584 contumacia
1196 3513 1302 3585 videa-

369 3752 403 3822 (Ἴ
420 3751 495 3803 Mam.
513 3754 531 3803 l.
549 3759 573 3804 2.
591 3756 634 3805 64.

369 3845 411 3911 (†)
427 3846 461 3894 lla
477 3845 570 3912 studio,
588 3864 636 3913 qno
653 3849 746 3896 virtutis
761 3847 915 3914 justitiaeque
933 3863 1034 3896 canuam
1050 3849 1076 3896 in
1093 3847 1178 3912 Gorgia
1195 3851 1243 3913 egit
1260 3847 1303 3897 So·

333 3948 421 4001 ersten,
438 3937 492 3986 tara
508 3939 578 4006 operi
596 3941 634 4004 egi
652 3941 712 3992 [nit.
730 3938 784 3988 Vol·
803 3939 837 3988 11.
855 3939 882 3990 P.
900 3943 925 3989 1.
943 3957 966 4005 p.
988 3941 1044 3988 115.

368 4028 401 4098 (ᾗ)
418 4031 502 4098 Symp.
520 4032 580 4083 170.
599 4033 624 4082 c.
729 4030 957 4100 (**)8ymp.218.
976 4033 1004 4083 E.
1021 4033 1071 4080 22³
1089 4031 1116 4080 G.
