2828 5098
494 453 686 526 ..79-

573 745 610 816 V.

143 913 223 1010 Quo
245 917 287 984 io
308 939 350 984 rc
371 913 651 1011 Aristophanem
676 915 843 988 Socrates
869 927 905 989 ct
925 915 1037 991 Plato

205 1051 307 1146 longe
323 1059 412 1145 post
434 1076 471 1122 sa
494 1051 690 1124 intervallo
715 1051 964 1150 reliquerant?

153 1248 270 1336 Qualis
289 1259 505 1343 quantusque
524 1251 576 1320 vir
595 1261 683 1321 esset
694 1251 856 1341 Socrates,
868 1253 1075 1347 qualemque

101 1371 158 1442 bie
190 1383 279 1442 esset
309 1372 346 1442 in
374 1373 505 1464 generis
534 1368 673 1444 humani
701 1397 801 1446 usum
823 1374 1072 1471 philosophiam

100 1492 312 1584 conditurus,
341 1491 581 1590 Aristophanes
612 1519 682 1566 nou
720 1509 853 1592 poterat
875 1497 935 1570 illa
961 1511 1073 1570 aetate

41 1711 43 1722 Ι
101 1617 317 1712 perspicere,
357 1617 430 1712 ipse
473 1617 626 1689 nondum
658 1621 794 1704 scivisse
828 1634 886 1692 aut
921 1623 1072 1718 suspica·

102 1751 158 1809 tus
182 1762 253 1811 esse
275 1741 429 1810 Socrates
448 1738 596 1808 videtur.
638 1739 764 1810 Contra
779 1765 816 1810 se
837 1765 890 1813 res
911 1743 1070 1814 habebat.

60 1933 62 1938 ,
99 1860 205 1931 Erant
225 1865 262 1932 iu
277 1862 444 1932 Socratica
454 1859 717 1956 philosophandi
729 1863 871 1952 ratione,
883 1887 970 1957 quae
980 1863 1073 1936 Aris·

100 1983 269 2077 tophancs
299 1981 589 2079 'reprehendenda
628 1994 789 2078 putaret:
824 1965 953 2081 ipiippe
987 2007 1075 2080 quae

94 2107 265 2178 continuo
295 2113 365 2178 uon
400 2119 533 2203 poterat
557 2107 685 2178 civitati
707 2105 885 2203 prodesse,
907 2109 1075 2180 imovero

99 2231 257 2304 nocebat.
306 2231 390 2302 Nam
411 2230 561 2324 primum
585 2253 665 2300 cum
682 2235 824 2325 juvenes
837 2224 904 2302 'ille
923 2229 1074 2326 praecla-

97 2357 144 2426 ris
173 2353 220 2424 de
241 2354 312 2422 Deo
337 2351 506 2421 imbuerat
527 2352 712 2439 sententiis,
730 2377 814 2445 quas
835 2377 855 2424 e
874 2354 1074 2448 Xenophon·
1138 2413 1162 2442 .-

95 2491 133 2548 te
155 2474 349 2562 attulimus,
370 2471 445 2541 fieri
463 2471 561 2542 facile
579 2483 724 2566 poterat,
746 2484 787 2541 ut
797 2473 919 2542 horum
929 2475 1075 2544 nonnul·

97 2597 122 2667 li
144 2597 238 2667 Deos
258 2615 446 2688 eorumque
466 2591 598 2664 cultum
628 2605 664 2662 et
680 2593 842 2686 imagines
853 2593 1004 2664 ludibrio
1014 2593 1075 2662 ha·

98 2722 232 2790 herent.
283 2715 383 2805 Quod
404 2713 496 2805 fecit,
519 2727 559 2785 ut
580 2726 724 2804 constat,
743 2739 821 2786 cum
843 2715 984 2786 Hermas
1002 2727 1076 2786 tur-

97 2842 209 2930 baret,
238 2838 443 2927 Alcibiades,
466 2859 528 2908 nec
549 2836 771 2932 improbanda
795 2837 930 2908 videtur
952 2836 1076 2908 Forob-

97 2962 263 3033 bammeri
285 2967 490 3057 conjectum,
512 2961 744 3050 existimantis,
760 2959 975 3054 Phidippidis
996 2981 1075 3052 per-

97 3087 182 3156 sonA
205 3084 464 3180 Aristophanem
484 3081 668 3154 Alcibiadis
679 3105 789 3154 mores
799 3078 1026 3177 expressisse(
1049 3077 1074 3173 ).

96 3209 219 3300 Porro,
249 3233 319 3280 non
350 3209 462 3280 minus
493 3205 672 3276 videbatur
699 3206 851 3276 Socrates
875 3201 1076 3295 gravissimis

98 3332 248 3402 civitatis
270 3331 374 3402 rebus
396 3353 528 3418 nocere,
548 3351 627 3398 cum
649 3306 701 3416 eo,
713 3351 782 3421 quo
791 3326 951 3412 diximus,
962 3323 1076 3412 modo,

99 3475 282 3550 generosae
303 3455 418 3550 stirpis
442 3452 669 3524 adolescentes
692 3473 711 3518 a
733 3471 770 3519 re
790 3449 927 3545 publica
947 3458 1076 3517 areme-

100 3591 163 3649 ret.
218 3578 355 3648 Fmstrn
386 3576 423 3646 id
463 3575 626 3664 tentavit,
658 3573 791 3668 quoties
811 3584 846 3642 et
867 3569 1076 3642 Alcibiadem

101 3714 134 3770 et
158 3700 302 3772 Critiam
326 3711 362 3769 et
383 3697 502 3769 similis
523 3695 645 3766 indolis
665 3698 807 3794 juvenes
830 3693 1008 3779 monebat,
1038 3699 1078 3784 ut

137 3967 172 4035 r)
190 3941 246 4018 'vit
264 3968 282 4017 1.
301 3967 317 4016 1.
335 3983 358 4032 p.
377 3969 418 4014 aa
