2828 5098
478 483 699 560 ulli-

109 689 159 752 tae
185 693 408 772 consuerant,
442 681 504 776 qui
526 678 732 754 carminibus
756 679 971 756 celebrabant
994 685 1069 781 pla·

105 803 170 874 cita
199 801 288 880 sua?
338 803 393 874 Sic
421 801 481 874 ille
513 801 655 896 dialogis
684 801 937 875 conscribendis
968 809 1070 880 modo

64 921 66 931 ’
105 919 215 1017 hunc,
240 922 342 998 modo
365 926 470 996 alium
491 923 727 1024 philosophiae
749 923 874 1018 locum,
893 939 933 1000 ut
954 927 1070 1022 genius

103 1047 252 1138 ferebat,
288 1047 496 1121 illustravit?
546 1048 652 1145 Atqui
685 1071 728 1120 ne
757 1049 823 1122 hoe
852 1051 935 1122 item
965 1052 1070 1124 cade·

101 1194 139 1240 re
158 1171 196 1242 in
217 1171 460 1268 philosophum
480 1175 615 1268 potuit,
645 1175 705 1268 qui
726 1197 859 1244 smumo
892 1183 964 1246 erat
991 1172 1071 1246 dia-

101 1293 241 1366 lecticae
263 1295 398 1386 studio,
431 1309 534 1392 atque
558 1298 623 1366 iter
646 1298 682 1366 iu
703 1295 977 1393 philosophando
999 1298 1072 1370 sine

101 1417 297 1508 dialectica,
325 1422 418 1489 coeci
439 1418 613 1514 appellare
635 1422 709 1490 tter
730 1418 875 1488 solebat.
928 1420 1008 1512 Nos,
1032 1431 1071 1492 ut

103 1538 160 1610 has
183 1539 367 1634 aliquando
389 1541 608 1613 difficultates
629 1555 864 1638 caeterasque,
887 1569 976 1639 quae
991 1545 1068 1616 vul·

102 1685 143 1754 go
167 1662 271 1756 objici
296 1663 429 1756 solent,
463 1687 684 1760 superemus,
709 1689 781 1736 rem
809 1667 854 1736 ah
876 1669 950 1762 ipse
972 1669 1071 1742 initio

102 1796 307 1878 repetamus.
341 1786 549 1874 Quaeramus
571 1787 721 1880 primurn
745 1786 1073 1882 tle-,disciplinaPla-

101 1909 213 1996 touiS,
239 1933 308 2002 qua
331 1908 531 1980 informatus
552 1908 596 1979 ad
620 1907 873 2004 philosophiam
895 1923 968 1996 θεῖς
995 1923 1070 1982 tutu
1165 1942 1166 1946 ¹

104 2031 208 2100 vitam
233 2033 308 2124 ejus
339 2044 374 2100 ct
397 2053 452 2102 res
472 2043 582 2126 gestas
604 2031 874 2118 consideremus,
899 2031 1072 2127 denique,

103 2153 197 2248 quod
218 2166 323 2249 captu
342 2155 395 2224 rei
415 2167 487 2246 est,
513 2179 617 2250 quam
638 2157 713 2249 ipse
733 2156 778 2226 sit
801 2167 938 2226 secutus
962 2155 1072 2250 philo·

101 2277 269 2373 sophandi
302 2279 487 2368 rationem,
523 2301 696 2372 quamque
727 2299 801 2348 esse
833 2279 1075 2350 existimaverit

100 2424 215 2471 veram
239 2399 512 2497 philosophiam,
537 2400 746 2492 indagemus.

150 2520 181 2592 Λ
201 2523 334 2593 scenica
360 2522 538 2592 Platonem
567 2523 664 2616 poiisi
687 2523 839 2590 Socrates
863 2521 908 2590 ad
923 2521 1073 2615 philoso-

100 2643 219 2740 phiam
251 2643 417 2714 traduxit:
451 2653 548 2712 tanto
574 2653 690 2710 eutem
713 2641 770 2710 hie
803 2639 1074 2733 adolescentem,

102 2782 242 2863 tamque
275 2765 469 2836 vehementi
502 2743 740 2858 philosophiae
766 2762 882 2833 studio
905 2776 940 2834 et
963 2785 1076 2836 amore

103 2891 247 2982 imbuit,
273 2901 334 2980 ut,
359 2887 453 2984 quod
482 2899 612 2958 veteres
632 2887 813 2958 memoriae
835 2887 1074 2982 prodiderunt,

103 3013 253 3087 Vulcano
285 3037 355 3084 non
386 3012 562 3083 dubitaret
592 3011 739 3082 carmina
775 3033 836 3080 sua
873 3011 1072 3082 sacrificare.

94 3137 231 3226 Quodsi
254 3137 465 3232 quaerimus,
492 3131 577 3230 quid
597 3133 685 3204 illud
714 3133 838 3222 fuerit,
869 3133 964 3228 quod
994 3145 1076 3204 tan-

102 3272 220 3354 topere
239 3259 267 3329 is
290 3259 326 3328 in
347 3252 483 3330 Socrate
504 3259 647 3350 eJusque
670 3255 954 3350 disciplinarum
971 3254 1075 3326 admi·

103 3395 252 3473 caretur,
287 3395 363 3454 tum
393 3383 495 3454 etiarn
527 3379 704 3472 diligeret,
739 3391 835 3474 pretet
868 3378 904 3450 id
935 3377 1074 3452 faciles

103 3507 239 3602 scriptis
272 3507 347 3578 viri.
405 3506 489 3577 Nam
520 3503 624 3574 talem
658 3504 803 3574 maxime
835 3503 1006 3574 Socratem
1040 3504 1077 3574 in

105 3629 218 3700 mimis
246 3629 314 3699 illis
338 3630 528 3724 exprimere
550 3625 705 3718 studuit,
730 3625 841 3723 qualis
865 3625 1001 3700 sibimet
1018 3626 1078 3698 ille

105 3752 280 3846 placuerat
302 3753 457 3824 maxime.
484 3751 537 3820 ln
558 3752 789 3849 Protagora,
806 3751 842 3821 in
868 3749 1077 3838 Charmide,

19 3963 20 3966 Ἴ
106 3877 141 3944 in
176 3875 371 3960 Phaedro,
403 3875 438 3944 in
472 3876 612 3946 caeteris
635 3874 797 3969 dialogis,
820 3897 907 3968 quos
929 3872 1078 3968 primum

107 3999 244 4068 videtur
278 3997 470 4090 scripsisse,
506 3997 658 4068 Socrates
686 3998 785 4068 nohis
817 3994 964 4068 occurrit
998 4011 1078 4064 cum

800 4122 802 4130 ,
880 4111 905 4183 3
916 4114 936 4152 ,
