2828 5098
730 465 914 536 -84-

341 668 455 755 trinis,
493 670 539 735 ita
564 667 699 736 vivendi
724 672 798 760 ejus
822 667 985 736 rationem
1010 663 1161 732 referunt
1186 663 1310 754 nobis,

340 791 399 883 qui
423 791 536 884 ipsum
561 791 679 860 sectati
704 789 894 882 imitatique
918 799 999 857 sunt
1023 786 1167 856 maxime
1193 785 1310 882 philo·

339 909 448 1006 sophi.
501 915 553 984 Ne
587 911 698 982 dicam
734 909 777 980 de
815 908 1028 980 Aristodemo
1064 909 1125 978 illo
1159 907 1310 1005 σμικρῷ,

340 1035 400 1127 qui
424 1033 568 1104 Socratis
592 1035 645 1104 sui
670 1035 794 1122 instar,
826 1055 959 1127 semper
982 1031 1118 1128 prodire
1144 1027 1312 1117 1111πὸ11-

340 1183 396 1234 τος
420 1155 551 1226 solebat
573 1153 644 1250 (r),
670 1153 786 1250 Cynici
810 1151 1005 1250 philosophi
1029 1177 1108 1224 cum
1132 1154 1221 1223 vitae
1241 1177 1311 1224 rno-

339 1301 485 1372 rumque
515 1276 753 1372 simplicitate,
788 1289 863 1346 tum
884 1277 1058 1374 inprimis
1081 1274 1246 1369 loquendi
1268 1274 1310 1344 li-

340 1402 495 1489 bertate,
527 1400 627 1470 sicuti
661 1411 753 1469 vates
789 1400 897 1468 omnis
930 1400 1024 1487 aevi,
1059 1421 1079 1466 a
1108 1398 1251 1468 caeteris
1275 1421 1310 1467 se

340 1521 498 1594 omnihus
533 1521 770 1590 distinxerunt.
830 1521 904 1590 Non
939 1521 1045 1612 magis
1079 1517 1310 1590 Alexandrum

340 1645 523 1737 Diogenes,
548 1619 652 1738 uuam
677 1643 819 1714 Tiresias
844 1642 937 1738 apud
953 1643 1097 1734 tragicos
1115 1641 1311 1712 Thebarum

341 1791 458 1860 reges,
493 1769 528 1836 in
563 1765 712 1838 dicendo
731 1767 948 1838 reverebatur
971 1763 1043 1863 (†)
1094 1765 1172 1835 Fuit
1196 1777 1312 1834 autem

341 1891 424 1961 haec
448 1914 565 1962 eorum
589 1889 771 1986 παρ’ῥησὶα,
796 1891 864 1960 imo
888 1889 1117 1978 contumacia,
1142 1887 1242 1984 plane
1269 1899 1312 1956 ut

341 2013 486 2084 Tiresiae
514 2037 592 2084 cum
625 2014 699 2106 pari
732 2011 913 2108 prudentia
940 2035 980 2099 11
1005 2035 1119 2082 rerum
1146 2011 1311 2082 humana-

340 2159 417 2204 rum
453 2135 690 2230 perspicientia
719 2139 908 2228 conjuncta.
963 2133 1194 2225 Antisthenis,
1230 2134 1310 2204 Dio-

340 2257 459 2349 genis,
499 2255 641 2328 Cratetis
687 2269 963 2352 caeterorumque
1003 2257 1073 2327 fere
1106 2257 1311 2352 Cynicorum

339 2381 525 2450 sententiae
555 2381 604 2452 sic
638 2379 825 2452 celebratae
857 2405 877 2450 1
904 2382 1048 2476 posteris
1080 2392 1182 2470 sunt,
1215 2382 1311 2475 quasi

340 2515 457 2574 return
488 2502 631 2576 luissent
666 2527 705 2574 ae
738 2503 981 2598 prophetarum
1016 2503 1125 2573 effata.
1186 2504 1311 2574 Verum

342 2626 407 2700 hoc
439 2629 620 2722 praecipue
651 2627 695 2698 de
718 2628 874 2698 omnibus
897 2628 1040 2700 Socratis
1063 2626 1312 2700 cumadmira-

340 2747 491 2838 toribus,
525 2761 600 2818 tum
632 2748 772 2818 aemulis
806 2760 841 2818 et
876 2751 1098 2822 sectatoribus
1125 2747 1312 2820 tenendum

341 2881 402 2940 est.
453 2869 602 2940 Fuerunt
627 2869 678 2939 illi
709 2871 779 2940 vita
802 2872 1022 2967 moribusque
1044 2896 1208 2968 perquam
1233 2894 1254 2941 1
1275 2895 1312 2942 se

340 2993 484 3064 invicem
520 2992 660 3066 diversi:
694 2993 758 3062 alia
790 3006 861 3064 erat
896 2995 996 3090 plane
1026 2993 1215 3091 Aristippi,
1247 2996 1311 3066 alia

339 3114 549 3188 Antisthenis
583 3141 622 3188 ac
650 3117 826 3210 Diogenis,
851 3119 916 3188 alia
938 3119 1020 3188 item
1047 3118 1196 3188 Platonis
1222 3118 1310 3202 vita,

339 3251 560 3310 veruntamen
596 3238 661 3310 hoc
691 3263 805 3311 omnes
832 3240 1003 3311 habebant
1036 3263 1238 3330 commune,
1272 3251 1310 3310 ut

338 3383 407 3429 non
430 3361 593 3432 abderent
613 3387 703 3452 sese,
729 3386 797 3435 non
819 3365 854 3434 in
883 3365 1027 3436 obscuro
1054 3365 1219 3455 laterent,
1243 3388 1310 3434 non

339 3481 404 3552 sibi
421 3485 588 3554 viverent:
612 3497 728 3556 contra
751 3487 786 3556 in
808 3486 928 3556 mediis
948 3488 1155 3578 civitatibus,
1175 3489 1212 3557 in
1233 3512 1310 3560 ocu-

339 3602 380 3672 lis
417 3605 563 3696 civium,
599 3609 635 3678 in
666 3607 842 3688 hominum
875 3608 952 3680 luce
984 3610 1228 3696 versabantur3
1262 3609 1312 3678 sic

369 3909 405 3980 l*l
429 3913 491 3964 ΡΜ·
517 3917 601 3980 semp.
627 3918 686 3969 173·
705 3917 731 3966 Β·
817 3916 856 3984 (Τ)
879 3917 933 3970 vid.
953 3918 1137 3986 §oph-'Oedipo
1162 3927 1269 3984 tyranno
1287 3929 1310 3966 et

336 4010 467 4072 Antigone.
