2824 5084
469 491 685 564 ..219-

311 749 317 762 ‘
434 751 437 758 '
467 773 692 824 omnosoaumo

222 920 490 996 PLATONICAE
510 923 565 995 ΕΓ
589 919 926 996 ARISTOTELICAE

213 1087 216 1092 ’
306 1109 378 1156 nnn
402 1109 595 1158 consutum
619 1111 843 1158 animulam.
946 1094 949 1100 ’

140 1303 231 1376 Talis
252 1316 304 1377 eat
324 1307 515 1396 aerumma,
537 1315 579 1376 ut
599 1304 753 1398 videtur,
775 1306 968 1380 Platonicae
988 1305 1065 1402 phi·

88 1427 264 1524 locophiae
299 1441 335 1500 et
363 1427 599 1504 Austotclicac
640 1431 849 1525 conjunctio.
897 1428 1066 1506 Auctorcs

88 1550 269 1646 uniusque
303 1574 366 1624 aua
397 1563 543 1647 uteique
565 1564 676 1626 aetate
697 1554 890 1650 perspiccic
911 1552 1063 1628 nondum

87 1685 297 1769 potueram,
319 1672 609 1769 quemadmodum
630 1673 718 1748 alter
739 1675 907 1770 indigeret
926 1676 1066 1748 oltemue

88 1819 178 1894 ope:
201 1791 237 1868 ct
258 1818 352 1887 vem,
371 1807 413 1870 nt
434 1797 513 1892 ipsi,
536 1795 938 1892 itamultomagi'sctiam
948 1821 1067 1868 eorum

88 1942 263 2016 sequacos,
286 1943 366 1990 cum
387 1919 558 2014 aequales,
571 1917 766 1993 Academici
784 1932 824 1995 ct
838 1918 1067 2014 Peripatetici,

88 2055 166 2114 tum
193 2042 342 2138 poeta-i,
363 2041 533 2116 Platonici
558 2055 594 2116 et
615 2039 823 2115 Aaistctelici
854 2040 1067 2130 indiversus

87 2176 204 2264 partea
225 2164 470 2259 discesserunt:
501 2189 563 2241 noa
586 2188 667 2238 vcro
688 2165 725 2236 id
744 2184 927 2262 possumus
948 2162 1066 2254 facilc,

89 2290 220 2385 quippe
246 2289 515 2362 nostri-ratione
543 2289 670 2362 saeculi
697 2288 896 2367 nonaectis'
914 2285 1065 2378 addicti,

89 2397 154 2482 oeci
170 2409 241 2480 veri
261 2405 501 2481 unice'atudio.
514 2407 637 2496 ducti,
662 2409 830 2500 integmm
856 2412 990 2503 assequi
1012 2433 1067 2494 vc

90 2535 232 2604 uitatem,
261 2529 450 2604 studentes.
499 2530 569 2606 Nec
592 2541 672 2600 vcro
695 2541 783 2621 nos,¹
808 2531 1066 2624 explorationis

88 2655 269 2746 omnibus,
286 2655 392 2726 latore
403 2664 517 2750 potest
535 2653 715 2750 utriusque
731 2651 966 2748 philosophiae
975 2659 1068 2727 iacta
1179 2679 1183 2688 ·

90 2780 141 2851 sic
168 2783 369 2874 conjunctae
400 2777 628 2872 praestantia..
667 2775 752 2848 Nam
787 2787 828 2846 ut
864 2797 1067 2870 cognoscere

90 2902 263 2974 hominem
285 2901 324 2972 in
346 2900 568 2996 puniacum
588 2911 704 2974 semet·
716 2898 1065 2994 ipsnmctmundnm

90 3025 310 3113 inteiioaem,
339 3031 416 3096 t'um
443 3045 559 3094 rernm
584 3034 741 3100 namnam
763 3033 868 3116 atque
886 3032 1066 3092 externum
1175 3017 1179 3022 ’

91 3147 261 3222 mundum
283 3147 400 3240 decet,
425 3149 474 3220 ita
484 3145 712 3244 philosophia,
724 3164 813 3242 quac
824 3145 953 3240 optima
965 3166 1065 3238 quac·

91 3295 171 3366 que,
189 3284 229 3344 ut
248 3271 410 3360 Platonis,
430 3271 480 3342 ita
501 3270 604 3342 ctiam
619 3267 810 3342 Asistotclis
827 3267 957 3364 placita
977 3290 1065 3341 com·

87 3393 279 3491 plectitur,
306 3415 416 3489 caque
439 3403 521 3489 apta
540 3393 670 3466 ratione
692 3391 736 3467 ad
756 3404 942 3486 utrumque
964 3413 1065 3462 mun-

91 3515 179 3586 dum
206 3503 638 3618 penituscognosceudum
653 3513 818 3606 adhibet,
841 3514 924 3586 haec
947 3513 1064 3607 igitur,

90 3640 121 3710 si
142 3661 214 3734 qun
230 3639 307 3732 alie,
328 3661 527 3734 gmmannm
545 3651 681 3712 nostiae
690 3638 809 3712 aetatu
821 3636 1065 3734 philosophum
1084 3735 1089 3742 ¹
1148 3645 1162 3664 ⁵

93 3760 202 3834 dccet.
251 3758 342 3834 illud
364 3767 445 3832 vero
464 3760 660 3834 *tenendum
688 3759 806 3851 nobis,
828 3759 983 3834 sufficere
1002 3759 1064 3828 ho·

91 3884 177 3954 mini
203 3881 456 3980 philmophiam
474 3881 755 3958 :Platonicomad
774 3883 862 3958 hene
881 3879 1064 3957 vivendum

88 3983 215 4104 pocae,
240 4005 338 4106 quod
364 4003 641 4104 uobispr'ofecto
656 4007 801 4081 maxime
822 4001 1064 4103 spectanduma
