2824 5084
732 447 952 520 -244-

352 672 439 732 esset
450 657 678 754 philosophia,
692 655 885 745 Kantiam‘,
899 659 966 726 imo
979 657 1333 728 transcendentem

352 778 548 878 philosophi
579 779 646 852 dici
672 778 858 873 haben'que
879 776 1083 860 voluerunt,
1108 775 1191 848 alios
1212 801 1332 850 omnes

351 907 422 976 alto
442 903 625 999 supemilio
642 902 890 998 despexerunt:
910 900 1005 996 quod
1026 913 1106 972 ante
1117 902 1245 996 pariter
1255 925 1331 996 cge-

351 1039 404 1100 rat
426 1025 707 1122 philosophatum
727 1026 833 1114 natio,
851 1048 960 1118 quum
981 1025 1131 1119 primum
1145 1025 1331 1114 Cartesius,

350 1147 476 1220 deinde
488 1136 710 1238 Leibnitzius,
724 1147 863 1218 tandem
876 1125 1023 1218 Wolfius
1034 1147 1230 1243 prodiisset.
1256 1148 1333 1218 Per-

343 1294 469 1367 peram
496 1294 577 1342 sane
600 1270 663 1340 illi.
691 1257 816 1357 'Quasi
839 1269 969 1340 scilicet
992 1293 1061 1340 non
1084 1283 1175 1342 esset
1195 1283 1333 1366 praeter

350 1391 869 1488 dominatricem-philosophiam
878 1390 945 1466 alia
955 1391 1221 1488 philosophandi
1232 1395 1330 1480 tatio,

351 1516 424 1606 vel,
445 1515 542 1610 quasi
560 1537 630 1586 non
649 1516 715 1608 ipsi
739 1513 950 1610 philosophi,
963 1538 1027 1611 pm
1051 1528 1246 1611 temporum
1258 1541 1332 1587 mo-

349 1660 495 1732 rumque
507 1633 715 1727 conditione,
726 1636 784 1708 alii
795 1636 896 1710 aliter
905 1636 1139 1734 philosophari
1150 1638 1330 1739 deberent.

349 1759 572 1856 Philosophus
595 1759 658 1832 hac
681 1761 765 1830 item
790 1761 827 1830 in
852 1784 890 1830 re
919 1763 1037 1854 po‘e'tas
1065 1761 1192 1832 imitari
1219 1761 1330 1836 decet.

350 1884 516 1958 Gittbium
534 1882 752 1956 celebrarunt
775 1907 846 1956 uno
865 1907 923 1954 ore
940 1906 1073 1958 omnes:
1089 1896 1124 1954 et
1135 1885 1330 1956 sanesimil·

350 2009 432 2080 lima
449 2007 554 2101 hujus
576 2006 689 2100 poe'sis
711 2018 783 2094 est,
804 2005 1024 2078 sublimitatis
1045 2005 1162 2078 habita
1179 2009 1328 2088 1atione.

349 2130 464 2210 Kantii
483 2127 738 2222 philosophiae3
764 2151 830 2198 nec
855 2139 970 2197 tamen
981 2132 1104 2223 poetae
1115 2127 1208 2199 bunc
1219 2153 1330 2206 unum

348 2248 477 2320 habent
502 2253 660 2340 poetam.
709 2248 785 2318 Non
808 2246 994 2350 thbianos
1015 2274 1053 2322 se
1076 2275 1167 2323 nunc
1185 2250 1329 2342 ferunt,

349 2391 412 2442 nec
436 2380 535 2442 antea
560 2367 629 2443 dici
652 2371 724 2440 sive
747 2367 1027 2464 Klopstocln'ani,
1061 2375 1133 2446 sive
1158 2373 1329 2448 Miltcnia-

347 2497 407 2585 ni,
429 2495 500 2566 sive
520 2491 800 2588 Sbakespcariani
823 2494 1018 2568 voluerunt.
1068 2497 1234 2570 Fateatur
1245 2497 1330 2568 adeo

347 2618 467 2707 multi,
497 2618 554 2688 vix
579 2619 716 2711 assequi
738 2640 775 2687 se
797 2617 916 2692 thhii
944 2619 1194 2704 sublimitatem
1205 2645 1329 2716 posse,
1410 2695 1411 2700 ,

348 2754 440 2814 certe
466 2763 602 2812 carmen
633 2743 725 2832 ejus,
758 2740 859 2834 quod·
875 2741 995 2814 Faust
1019 2743 1235 2836 inscribitur,
1259 2770 1329 2818 nen
1410 2739 1411 2768 ³

349 2876 462 2934 totum
493 2884 531 2932 se
561 2885 601 2932 ac
633 2862 771 2958 penitus
799 2863 1009 2958 intelligere:
1027 2873 1223 2962 poetarum
1246 2869 1329 2964 ipsis
1410 2959 1411 2962 Ἴ

348 3005 474 3060 nomen
496 2985 672 3080 honosque
684 2985 824 3078 sufficit,
836 3011 905 3060 non
915 2987 1054 3061 aliunde
1065 2989 1330 3096 commendatio·

348 3135 427 3183 nem
448 3122 582 3207 petunt.
633 3109 721 3180 Hinc
736 3121 852 3180 autem
874 3111 959 3180 mira
979 3111 1038 3182 illa
1059 3113 1152 3184 omni
1174 3124 1331 3209 tempure

347 3235 543 3330 principum
563 3233 865 3326 etiampoetarum
888 3234 1043 3306 varietas.
1092 3233 1265 3326 omnine,
1290 3249 1331 3308 ut

348 3360 501 3451 poeseos,
521 3357 570 3426 ita
587 3353 823 3451 philosophiae
834 3356 925 3426 varia
940 3367 1022 3428 sunt
1031 3375 1165 3452 genera,
1178 3383 1329 3453 querum
1410 3399 1411 3417 a

349 3464 621 3574 unumquodque
653 3481 714 3573 qui
746 3490 839 3550 recte
872 3489 1085 3571 tractarunt,
1124 3481 1267 3575 pariter¹
1289 3507 1330 3554 ac

347 3601 492 3694 petitae,
515 3600 585 3672 suis
607 3623 677 3672 non
699 3613 780 3672 sunt
799 3601 960 3674 laudibus
980 3602 1330 3678 destituendizmodo

345 3721 413 3794 boc
448 3734 549 3815 agant
578 3723 746 3813 universi,
783 3734 823 3794 ut
857 3747 898 3796 ex
925 3726 1059 3821 optimo
1084 3726 1331 3821 uberrimaque

346 3845 427 3918 artis
458 3843 699 3941 disciplinaeve
729 3845 825 3918 fonte
858 3846 1029 3920 hauriant.
1078 3848 1205 3922 Poetae
1231 3849 1332 3945 apud

347 3966 512 4056 Graecos,
533 3952 766 4063 quodcunque
792 3969 1014 4044 excoluerunt
1035 3976 1178 4067 pnc'seos
1201 3995 1327 4064 genus,
