2828 5098
468 446 688 517 -101-

100 646 182 716 bere
205 643 250 712 dc
270 640 488 738 philosophia
510 643 725 732 institueret,
750 641 1070 716 dramatumlorma

100 789 201 838 usum
236 787 311 836 esse
344 775 379 834 et
410 765 531 834 mimos
555 765 728 859 scripsisse
751 763 982 860 philosophos.
1032 765 1072 838 ld

98 912 180 961 sane
204 887 303 959 nobis
321 887 472 981 primum
492 885 1073 980 diligentissimequeattendendum

99 1025 174 1102 est,
209 1013 238 1081 si
269 1021 361 1081 recte
385 1019 420 1079 et
444 1008 558 1102 legere
582 1021 617 1078 et
647 1009 838 1102 intelligere
863 1011 926 1080 1111
948 1011 1074 1106 scripte

98 1134 260 1204 velimus.

149 1257 225 1326 Non
246 1253 391 1326 condere
415 1256 530 1324 statim
554 1255 651 1325 Plato
675 1277 777 1351 opera
799 1255 1001 1352 philosopha
1018 1281 1076 1350 ag-

102 1402 236 1474 gressus
275 1389 345 1466 est,
371 1389 410 1446 ut
433 1389 551 1472 postea
572 1378 642 1470 egit
665 1375 888 1468 Aristoteles,
922 1380 1073 1474 itemque

101 1513 182 1572 ante
212 1525 292 1572 eum
325 1499 474 1570 fecerant
502 1499 713 1590 Heraclitus,
737 1499 967 1596 Anaxagoras,
989 1502 1075 1598 Hip-

102 1636 280 1722 pocrates:
304 1645 418 1717 neque
443 1624 567 1712 etiam,
593 1634 633 1692 ut
656 1622 848 1718 Xenophon
870 1625 996 1720 aliique
1018 1625 1075 1696 be-

104 1771 149 1818 ne
168 1747 270 1818 multi
291 1745 623 1840 condiscipulorum,
648 1746 791 1816 Socratis
814 1746 933 1816 retulit
954 1771 1077 1820 sermo·

105 1893 187 1940 nes:
229 1873 355 1940 ruiruos
390 1869 526 1964 scripsit
566 1868 751 1958 continuo,
787 1880 863 1938 tum
896 1871 1077 1942 dramata.

105 1993 260 2081 Quormn
283 2015 373 2088 quae
396 2003 539 2083 natura,
565 2014 654 2086 quae
677 1993 763 2062 ratio
784 1991 848 2080 sit,
872 1993 989 2086 paucis
1009 1994 1079 2087 pri-

104 2141 202 2188 mmn
226 2117 488 2212 explanandum.

134 2240 194 2310 'ln
227 2241 345 2334 primis
376 2243 511 2336 scriptis
534 2241 684 2338 Platonis
706 2241 939 2338 Protagoras
962 2264 1079 2312 cense-

106 2375 178 2452 tur,
204 2363 265 2455 qui
286 2363 410 2431 mimus
435 2374 486 2431 est
508 2362 610 2456 plane
632 2364 842 2452 Socraticus,
870 2363 914 2434 ad
936 2363 1081 2458 Sophro

106 2485 165 2554 nis
187 2483 352 2552 rationem
374 2483 542 2577 scriptus,
568 2494 607 2552 ut
629 2493 724 2576 patet
747 2482 844 2552 nobis
867 2506 886 2553 e
913 2482 1081 2556 Theocriti

109 2607 352 2696 Adoniazusis,
388 2607 448 2702 qui
479 2605 644 2676 imitando
668 2605 767 2676 nobis
788 2605 999 2700 Sophronem
1028 2631 1082 2679 re-

111 2731 199 2801 ferre
221 2730 369 2801 videtur.
419 2729 459 2799 ln
489 2727 689 2800 Theocriteo
712 2727 778 2800 hoc
799 2729 904 2800 mimo
928 2731 1015 2800 vitae
1033 2731 1083 2801 la·

18 2841 20 2844 ⁵
111 2854 251 2924 miliaris
292 2850 504 2924 consuetudo
548 2851 656 2922 veluti
688 2851 835 2944 imagine
869 2853 1081 2946 exprimitur.

113 2976 225 3069 Gorgo
260 2975 385 3044 amicae
408 2973 591 3044 Praxinoae
613 2971 712 3044 aedes
733 2972 826 3064 adit,
850 2986 890 3044 ut
914 2997 1083 3047 unacum
1209 2973 1211 2978 ’

115 3097 174 3168 illc
211 3095 336 3166 deinde
370 3094 541 3190 templum
571 3105 667 3188 petat
698 3095 815 3189 ibique
838 3092 970 3166 Adonia
991 3119 1085 3190 spec-

115 3232 180 3292 tet.
237 3219 487 3312 Argumentum
520 3239 685 3312 perquem
721 3217 884 3313 simplex,
900 3275 902 3281 ι
917 3240 978 3288 nos
1005 3243 1086 3290 vero

114 3347 206 3413 inter
229 3340 412 3435 legendum
437 3352 543 3410 totam
567 3339 749 3409 P1·axinoac
772 3361 844 3410 rem
866 3338 1085 3413 domesticam
1209 3333 1222 3400 .'

115 3463 217 3536 nobis
250 3485 386 3534 cernere
419 3461 593 3552 videmur,
629 3453 698 3532 imo
719 3485 828 3532 mores
854 3463 1086 3556 cognoscimus

115 3587 297 3680 utriusque
330 3583 509 3656 mulieris..
554 3583 734 3671 Videmus,
771 3595 810 3652 ut
840 3585 955 3655 intret.
975 3586 1087 3680 Gorgo
1120 3571 1122 3580 ¹

116 3709 335 3798 cubiculum,
372 3707 510 3802 fatigata
548 3708 650 3801 longo
684 3707 823 3792 itinere,
847 3707 1023 3798 audimuS,
1047 3722 1087 3780 ut

118 3835 241 3906 marito
265 3834 447 3920 irascatur,
478 3831 538 3925 qui
560 3831 596 3900 in
620 3840 769 3900 extrema
790 3829 884 3901 urbis
906 3842 1003 3925 parte
1024 3828 1087 3901 do-

122 3981 235 4045 mum,
261 3957 330 4026 imo
353 3952 473 4024 nidum
497 3954 561 4047 ipsi
586 3953 723 4038 emerit,
748 3953 917 4024 cernimus
938 3950 1087 4020 infantu-
