2836 5080
480 481 670 552 ...73-

551 778 603 848 Ill.

199 949 319 1054 Quare
337 961 522 1055 placuisse
545 964 814 1035 Atheniensium
830 971 966 1062 populo

408 1093 529 1167 Nubes
552 1097 747 1171 uidentur?

143 1292 307 1388 Displicet
328 1292 540 1364 multitudini
563 1293 787 1390 philosophia.
838 1294 1060 1391 Philosophus

99 1415 202 1505 adeo,
227 1417 343 1510 quavis
365 1416 444 1518 data
464 1419 737 1511 opportunitate,
761 1417 911 1488 ludibrio
933 1418 1061 1490 hahere

101 1537 195 1606 solet.
244 1536 284 1608 ld
305 1539 395 1608 omni
417 1551 570 1630 tempore
593 1563 674 1609 usus
697 1563 811 1610 rerum
836 1539 973 1630 docuit,
998 1563 1062 1612 nec

100 1658 195 1729 Plato
217 1670 333 1760 notare
354 1657 390 1724 in
411 1658 545 1752 scriptis
566 1661 654 1748 suis,
677 1663 820 1730 maxime
830 1664 866 1730 in
878 1661 1017 1735 Politia
1027 1675 1062 1733 et

100 1780 308 1868 Phaedone,
337 1774 449 1849 omisit
473 1779 534 1876 (⁴⁸)
585 1781 848 1853 Delectabantnr
871 1786 976 1877 igitur
998 1787 1064 1855 mi·

100 1903 190 1975 rifice
219 1915 442 1998 spectatores,
464 1927 542 1974 cum
565 1905 736 1975 Socratem
762 1906 935 1995 viderent,
959 1907 1063 1976 subli-

100 2052 187 2098 mem
209 2027 337 2098 scilicet
359 2026 618 2122 philosophum,
641 2029 678 2096 in
696 2050 796 2098 scena
808 2026 1067 2124 ἀεροβατοῦντα,

102 2154 225 2239 aerem,
248 2129 420 2240 nebulas,
453 2163 600 2222 meteora
621 2150 876 2242 observantem,
899 2150 1063 2222 eundem-

101 2297 167 2367 que
184 2273 409 2344 minutissima
429 2275 564 2366 negotia
586 2274 839 2368 explorantem,
864 2274 993 2345 veluti:

126 2438 284 2531 ψύλλαν,
309 2437 446 2516 ὁπόσους
471 2435 607 2511 tutona
631 2447 706 2518 τοῦς
730 2445 829 2527 αὐτῆς
849 2438 951 2521 πόδας
970 2441 1041 2539 (†).

129 2629 382 2733 ¹Utrarumque
413 2638 502 2707 euim
535 2638 682 2732 pariter,
722 2661 801 2708 cum
829 2640 1068 2732 maximarum,
1166 2709 1171 2728 κ

106 2779 177 2834 tum
202 2763 417 2833 minimarum
441 2783 553 2830 rerum
578 2760 731 2830 studium
754 2760 864 2830 ridere
894 2763 931 2830 in
958 2761 1070 2856 philo-

109 2887 219 2981 sophis
246 2885 367 2979 vulgus
390 2883 487 2954 solet.
537 2882 605 2954 Neo
628 2869 707 2954 vero
731 2885 843 2955 minus
866 2885 1078 2979 inspectam·

109 3009 192 3078 tium
226 3006 448 3078 multitudine
478 3004 744 3098 indignationem
767 3005 933 3076 excitabat
955 3011 1067 3099 poeta.

109 3133 188 3203 Nam
208 3133 297 3202 inest
313 3129 527 3216 hominibus,
547 3129 698 3221 quamvis
721 3128 824 3198 etiam
846 3129 882 3196 in
899 3127 1069 3222 opinando
1089 3203 1091 3208 ,

110 3253 239 3326 levibus
254 3277 293 3324 ec
318 3253 430 3342 vanis,
453 3253 542 3320 inest
563 3273 641 3319 cum
665 3252 736 3319 veri
755 3251 910 3344 justique
933 3273 1068 3342 sensus,

112 3388 183 3445 tum
208 3401 321 3446 rerum
351 3397 519 3445 sacrarum
541 3373 747 3460 reverentia,
777 3383 963 3467 patentque
988 3373 1071 3445 haec
1175 3429 1177 3438 ,
1299 3385 1303 3394 ’

110 3497 276 3588 dilucide,
310 3498 371 3568 ubi
401 3498 518 3590 ingens
551 3492 726 3564 hominnm
761 3495 861 3566 turba
890 3519 1070 3590 congrega-

112 3639 144 3695 ta
171 3625 217 3694 de
243 3624 362 3714 rebus,
383 3646 466 3717 quas
484 3619 601 3691 vident
624 3618 855 3715 audiuntque,
877 3621 988 3714 ultro,
1009 3645 1072 3692 nec

113 3749 257 3837 ratione,
296 3746 357 3818 scd
390 3769 491 3816 sensu
530 3741 721 3836 affectuque
749 3743 917 3837 judicium
946 3743 1071 3840 prodit.

116 3919 347 3935 ——un——nn—nd

148 4013 183 4082 (Ἴ
202 4017 296 4066 enea.
314 4016 353 4063 ec.
372 4015 397 4064 n.
483 4013 522 4080 (ψ)
538 4015 630 4064 nuuc.
648 4029 680 4062 vs.
699 4013 757 4062 ms.
861 4025 863 4030 v
