2824 5084
739 424 957 496 *noo-
1034 523 1038 538 1

363 623 516 718 quamvis
537 620 718 710 honestae,
742 624 872 717 quippe
896 621 1048 690 veritatis
1072 620 1341 716 causstsuseep-

361 759 433 834 tae,
455 743 609 837 quamvis
628 743 754 831 etiam,
773 743 803 812 si
828 743 983 813 victrices
1001 739 1141 830 fuerint,
1154 741 1339 834 gloriosae,

361 881 474 938 temen
498 851 659 938 facillime
681 863 792 934 solent
808 863 1078 936 concertantium
1103 861 1339 956 litigantium·
1403 875 1404 964 l

361 1013 428 1084 que
456 990 584 1058 animos
610 985 816 1080 disjungere.
875 983 984 1078 Ergo,
1020 985 1337 1080 quemadmodum,

360 1109 552 1205 vigentibus
581 1106 843 1202 generosissimis
874 1106 1156 1202 philosophorum
1191 1107 1337 1198 studiis,

308 1293 314 1306 ,
360 1257 426 1328 pax
447 1255 564 1306 eorum
587 1231 758 1318 exsistere,
783 1228 894 1322 qualis
917 1228 1021 1322 vulgo
1035 1227 1156 1318 sertor,
1168 1244 1338 1326 perpetua

361 1357 488 1452 possit,
520 1377 589 1426 nou
622 1351 733 1422 video.
784 1351 853 1420 Nee
876 1373 976 1440 vero,
1000 1351 1094 1446 quod
1116 1351 1209 1442 dixi,
1235 1375 1337 1452 expe·
1403 1429 1404 1436 χ

359 1479 462 1550 tenda
482 1497 686 1570 magnopere
709 1463 769 1542 illa
791 1485 855 1544 est.
906 1472 1002 1566 Viget
1022 1473 1241 1570 philosophia
1265 1477 1335 1571 ipsa

359 1603 395 1670 iu
414 1624 546 1671 summa
567 1596 884 1694 philosophantium
908 1621 987 1668 eum
1005 1597 1167 1666 varietate
1179 1611 1257 1670 turn
1268 1599 1334 1670 dis-
1403 1597 1404 1690 l

359 1725 524 1794 sensione.
551 1720 619 1792 Alii
641 1720 922 1816 metaphysieam,
939 1719 1134 1792 ut-Wolfius
1147 1725 1335 1819 praescrip-
1403 1735 1404 1808 l

358 1849 421 1937 sit,
443 1858 587 1918 uastare
607 1857 774 1941 pergunt:
796 1844 877 1934 alii,
899 1843 963 1916 hac
982 1845 1125 1940 rejecta,
1145 1857 1334 1920 transscen-

358 1971 530 2042 dentalem
549 1970 686 2065 assequi¹
694 1967 945 2064 philosophiam
956 1967 1116 2039 student:
1129 1983 1210 2041 sunt
1220 1973 1335 2062 etiam,

358 2094 503 2187 quibus,
532 2094 635 2164 misso
665 2091 916 2185 metaphysicae
937 2090 1077 2182 studio,
1101 2117 1167 2161 una
1190 2095 1336 2168 maxime

357 2215 544 2284 Socraticae
566 2213 764 2307 simplicitas
788 2210 1025 2307 philosophiae
1042 2227 1077 2284 et
1087 2213 1249 2286 modestia
1261 2217 1336 2312 pla·
1403 2297 1404 2300 Ἴ

357 2348 447 2426 eeat,
489 2335 706 2431 sperantibus
732 2335 829 2425 fore,
853 2346 892 2406 nt
916 2311 981 2406 hae
1005 2338 1069 2406 via'
1084 2339 1270 2410 certissime
1293 2341 1336 2410 ad

298 2460 302 2468 ’
355 2459 556 2555 sapientiam
578 2459 647 2530 sint
670 2459 887 2554 perventuri:
908 2481 972 2531 nee
991 2459 1119 2531 desunt
1132 2461 1250 2553 etiam,
1264 2465 1335 2558 qui,

356 2595 396 2656 ut
418 2583 660 2678 Neoptolemus
684 2582 779 2677 apud
789 2582 987 2673 Pacuvium,
1007 2583 1335 2680 philosophandum,
1403 2603 1404 2612 ¹

356 2707 417 2779 sed
435 2712 589 2802 puceis,
614 2717 761 2801 putent,
785 2705 912 2801 quibus
936 2731 1059 2803 nempe
1083 2715 1225 2782 omnim
1239 2713 1332 2806 plri-

357 2831 546 2924 losophurt'
563 2833 632 2901 noir
652 2828 804 2924 placeat:
828 2828 982 2902 homines
1000 2832 1084 2902 item
1095 2833 1334 2931 philosophiae

356 2951 552 3042 utilissimi,
574 2953 706 3047 qnippe
728 2953 860 3048 integro
882 2952 1030 3024 subinde
1055 2967 1159 3050 atque
1184 2959 1254 3028 aeri
1279 2963 1334 3052 ju·

355 3077 445 3148 dicio
475 3075 758 3172 philosophorum
792 3087 980 3148 commenta
1014 3101 1094 3148 cum
1117 3079 1334 3174 explorantes

355 3213 430 3272 tum
462 3211 651 3295 carpentes.
703 3198 835 3282 Horum·
852 3212 968 3270 autem
991 3225 1070 3272 curn
1093 3205 1333 3299 unusquisque

355 3347 418 3416 pro
452 3347 515 3394 suo
550 3323 621 3392 sive
658 3322 785 3416 ingenii
816 3336 937 3418 captu,
965 3326 1036 3394 sive
1059 3326 1162 3396 animi
1186 3312 1308 3399 ardore
1320 3381 1331 3417 ‚

299 3523 301 3528 ,
356 3448 427 3518 sive
450 3447 485 3516 in
501 3445 612 3516 ¹literis
629 3443 862 3540 doctrinisque
872 3469 1066 3542 progressu,
1078 3449 1332 3547 philosophiam

356 3568 504 3648 excolat,
536 3568 656 3663 quidni
686 3592 747 3638 nos
784 3569 936 3640 omnium
966 3573 1152 3666 peniteret
1176 3573 1334 3646 studium

355 3689 538 3786 prohemus
563 3703 608 3760 ,et
644 3691 803 3780 inventa,
832 3691 861 3762 si
890 3717 959 3788 qna
990 3694 1226 3789 prodiderint,
1249 3696 1335 3769 lau—

357 3814 478 3885 demus
499 3837 538 3884 ae
562 3811 802 3886 celebremus?
839 3814 967 3904 Quidni
990 3818 1235 3918 confiteamur,
1258 3817 1335 3892 flo-

272 3935 273 3941 ’
355 3959 429 4012 rere
447 3934 696 4038 philosophiam
720 3938 827 4031 ipsam
853 3940 917 4010 uisi
943 3939 1007 4012 hae
1031 3963 1162 4014 summa
1183 3943 1335 4038 philoso-
1403 3987 1404 3990 π
