2824 5084
741 421 959 522 ..232..¹

361 646 613 734 transferamus,
634 645 837 716 criticismus
857 655 964 713 caret.
989 607 1250 733 Nahr,tliscretis
1263 670 1337 720 rec-

360 783 396 840 te
422 791 441 838 a
469 791 505 838 se
528 766 672 836 iuvioem
693 777 729 834 et
751 763 963 859 temporibus
986 777 1021 834 et
1046 777 1239 862 temporum
1258 793 1330 840 mo

350 893 455 963 'ribus
481 886 813 986 philosophandique
837 885 1030 978 methodis,
1055 889 1119 960 suo
1139 892 1254 960 omnia
1271 915 1331 962 re-

358 1015 425 1086 luti
456 1013 568 1084 colore
600 1023 636 1081 ct
659 1009 782 1080 habitu
806 1010 1008 1103 cognoscere
1032 1009 1125 1081 licet.
1176 1011 1244 1082 Sed
1269 1013 1333 1085 hoc

358 1137 456 1209 nobis
480 1135 678 1231 inprimis,
703 1133 797 1230 quod
818 1144 967 1229 praestat
991 1135 1207 1225 criticismus,
1224 1149 1331 1208 atton-

357 1253 508 1331 dendum
531 1257 678 1328 videtur.

404 1379 716 1483 praejudicatarum
747 1380 946 1473 opinionum
975 1382 1087 1450 omnia
1112 1394 1194 1452 sunt
1219 1383 1257 1451 in
1281 1383 1329 1453 hi·

356 1503 458 1574 storia
479 1501 714 1597 philosophiae
738 1501 851 1596 plena.
890 1499 1046 1572 Ullorum
1070 1503 1125 1572 vix
1153 1503 1330 1576 hominum

330 1626 590 1696 ‘altercationes
626 1627 794 1719 graviores
811 1624 1160 1719 ,vehementioresque
1192 1625 1329 1698 luerunt

355 1771 528 1844 unquam,
550 1771 654 1842 quam
678 1747 970 1844 philosophorum.
995 1747 1065 1819 Nec
1075 1749 1214 1818 mirum.
1248 1751 1330 1822 Nam

353 1883 462 1944 sectas
486 1882 695 1967 papererrmt
706 1869 946 1940 excellentium
958 1869 1242 1966 philosophorum
1253 1873 1327 1946 doc·

353 1996 482 2066 trinae:
514 2017 584 2089 quo
608 1992 757 2082 sactum,
783 2003 823 2062 ut
845 1993 881 2063 iu
904 1991 1024 2064 litibus
1045 1994 1114 2064 illis
1136 2007 1172 2064 et
1193 1995 1326 2066 dimen-
1401 1989 1402 2046 Ῐ

351 2117 502 2188 sionibus
535 2139 604 2185 non
640 2113 862 2206 singularium
896 2114 1126 2206 eruditorum,
1162 2118 1223 2186 sed
1249 2121 1325 2189 uni-
1401 2179 1402 2188 2

350 2257 523 2306 versarum
557 2246 727 2306 sectatum
758 2257 875 2304 oamsa
908 2249 1077 2328 ageretur.
1114 2219 1325 2312 'Accedebat
1401 2203 1402 2298 l

350 2353 584 2452 philosophiae
627 2379 707 2428 cum
742 2355 844 2426 rebus
880 2356 1054 2451 politicis,
1097 2361 1182 2454 quin
1223 2363 1323 2432 etiam

349 2504 429 2552 oum
464 2479 635 2573 religionis
678 2491 746 2548 tam
791 2479 966 2574 principiis
1013 2505 1116 2577 quam
1152 2483 1323 2580 dogmati-

349 2604 415 2676 bus
440 2603 653 2697 conjunctio:
677 2600 799 2696 quidni
824 2601 929 2705 igitur
953 2602 997 2674 de
1021 2603 1232 2702 philosophis
1254 2613 1323 2705 pri.

348 2727 461 2796 mariis
481 2747 559 2796 cum
585 2725 688 2818 ipsis,
713 2734 789 2794 tum
812 2723 858 2794 de
881 2725 1016 2820 placitis
1038 2749 1156 2798 corum
1177 2743 1248 2802 tam
1270 2731 1321 2802 di·

348 2868 463 2918 versae
495 2867 569 2916 esse
599 2844 777 2916 hominmn
800 2849 990 2918 sententiae
1013 2847 1233 2944 debuerunt,
1259 2867 1319 2944 ut,
1400 2895 1401 2938 3

347 2967 432 3065 quid
457 2967 502 3038 de
523 2968 564 3039 iis
587 2991 667 3039 vere
686 2972 851 3064 Justeque
870 2971 1091 3043 statuendum
1116 2988 1221 3065 esset,
1241 3001 1321 3048 acu·

346 3093 515 3165 tissimum
537 3092 639 3162 etiam
663 3113 835 3187 quemque
862 3091 1009 3164 lateret?
1047 3095 1108 3165 His
1139 3109 1256 3168 autem
1287 3101 1320 3168 in
1400 3103 1401 3194 l

346 3214 496 3287 tenebris
516 3213 775 3284 altercationum
794 3227 833 3286 ut
853 3215 912 3286 lux
931 3215 1070 3318 oriatur,
1083 3218 1175 3313 ‚quid
1186 3219 1319 3292 efficere
1400 3271 1401 3274 =

344 3338 472 3432 magis,
495 3359 598 3432 quam
621 3347 701 3430 apta
725 3337 921 3432 sinceraque
940 3339 1101 3410 cemeudi
1120 3341 1318 3436 judicandi·
1400 3351 1401 3358 ’

344 3483 413 3554 que
446 3460 552 3548 ratio,
582 3459 606 3526 i.
642 3481 672 3528 e.
699 3459 921 3550 criticismus,
940 3460 1085 3555 potest?
1135 3462 1315 3538 Criticismi

344 3579 473 3651 scilicet
495 3591 570 3672 est,
588 3582 750 3677 primum,
773 3583 865 3653 omni
885 3605 1002 3653 vacare
1018 3586 1170 3679 partium
1181 3587 1295 3658 studio
1301 3639 1312 3677 ,
1399 3641 1400 3672 ,

332 3715 521 3798 'unumque
544 3705 744 3799 exquirere,
770 3704 806 3772 iu
831 3701 1042 3800 philosophis
1062 3709 1313 3803 eommquede-

344 3827 444 3899 cretis
469 3825 667 3914 censendis,
692 3849 825 3896 verum:
847 3825 983 3924 deinde,
999 3827 1082 3930 alios
1094 3829 1313 3928 philosophos
1399 3903 1400 3912 ,

342 3963 434 4024 recte
456 3949 500 4020 ah
527 3947 600 4020 aliis
618 3948 849 4042 distinguere,
874 3963 912 4021 ut
936 3951 1020 4022 tales
1045 3951 1169 4048 plane,
1194 3955 1311 4050 qualos
