2828 5098
431 839 721 932 PLATO.

534 1067 635 1084 m

298 1286 301 1289 ⁵
374 1206 594 1284 orsomsmo
629 1211 777 1274 caruca

152 1509 397 1580 Pmromclu
417 1514 706 1585 PHILOSOPHIAE
727 1519 995 1596 causamme

528 1767 589 1822 ἀλλ’
610 1770 642 1822 οὐ
659 1776 712 1841 γὰρ
732 1778 785 1845 πρό
803 1799 837 1844 ys
855 1781 992 1850 ἀληθείας

531 1857 660 1922 τιμὴτεος
677 1859 756 1928 ἀνήρ.

758 1951 834 2002 Plato
851 1956 880 2004 do
897 1957 1008 2008 Bonnam.

513 2033 1034 2060 *munau—m

131 2120 274 2194 Divinus
296 2121 367 2200 fero
389 2123 616 2224 philosophus
643 2130 740 2204 Plato
760 2132 874 2208 dictus
897 2151 968 2226 θεῖς
995 2164 1058 2214 neo
1131 2167 1134 2176 ·

87 2265 162 2315 vero
185 2257 313 2316 temere
333 2245 399 2318 hoc
425 2248 478 2320 illi
498 2273 623 2322 nomen
644 2255 749 2324 venit.
794 2256 879 2328 Nam
900 2261 971 2332 sive
991 2261 1055 2336 sor·

84 2388 173 2438 mam
196 2367 481 2462 philosophandi,
502 2397 605 2464 quam
627 2379 822 2469 usurpavit,
848 2396 1053 2478 spectamus,

83 2489 219 2584 politica
240 2499 312 2577 est,
346 2511 414 2582 qua
435 2487 523 2560 nihil
545 2514 618 2562 esso
639 2493 842 2589 sublimiuS,
863 2503 950 2576 nihil
970 2508 1053 2580 divi·

84 2614 160 2683 nius
194 2623 356 2707 putatum
390 2613 461 2684 siro
493 2615 567 2710 ipsa
599 2617 712 2710 agitur
732 2619 947 2720 philosophia
968 2632 1053 2724 viri,

84 2735 146 2806 luit
168 2735 229 2806 illa
250 2735 408 2826 Graecis,
439 2735 527 2814 adde
549 2751 585 2810 et
608 2740 788 2836 Romanis,
809 2750 957 2842 purioris
978 2755 1055 2828 reli·

84 2859 187 2951 gionis
212 2859 331 2930 instar.
382 2858 631 2954 Quamobrem,
662 2866 691 2934 si
720 2879 814 2938 recte
831 2872 988 2965 Judioare
1009 2878 1054 2950 de

81 2963 212 3052 summo
245 2979 450 3076 philosopho
471 2983 638 3076 velimus,
664 3012 743 3060 cum
767 2989 874 3064 formu
896 2997 954 3068 illu
977 2999 1053 3093 phi-

82 3101 283 3200 losophandi
316 3105 469 3200 politica,
494 3107 605 3201 qualis
639 3109 706 3201 sit,
729 3095 955 3208 exploranda,
978 3131 1053 3192 tum

82 3247 158 3297 vero
190 3224 425 3298 adumbranda
457 3229 746 3328 exprimendaque
775 3236 882 3331 ipsius
904 3239 1051 3336 philoso-

82 3347 181 3442 phiae
204 3349 396 3421 Platonicae
419 3351 506 3422 ratio
527 3351 675 3424 ridetur.
724 3356 809 3428 Nam
840 3361 937 3434 abusi
960 3375 1051 3437 utra-

82 3495 149 3566 que
182 3473 281 3544 multi
303 3485 405 3564 sunt,
434 3473 495 3568 qui
516 3473 560 3544 ad
582 3473 731 3548 Platonis
752 3481 974 3558 imitationem
996 3491 1051 3560 vel

82 3595 214 3688 poetica
234 3595 279 3666 de
300 3594 536 3691 philosophiae
557 3601 767 3692 argumentis
784 3605 983 3701 seriberent,
995 3613 1051 3684 vel

84 3721 182 3792 etiam
205 3721 256 3794 sio
279 3720 611 3817 philosophamur,
637 3736 678 3794 ut
702 3735 774 3798 tota
798 3729 949 3825 ipsorum
968 3735 1049 3808 doo-

85 3843 167 3914 trina
197 3845 242 3916 ad
271 3846 510 3940 mysticorum,
534 3869 578 3916 ne
602 3845 734 3940 dicam,
760 3850 803 3921 ad
828 3852 1049 3930 fanaticorum

84 3968 243 4040 rationem
275 3965 441 4040 tenderat.
491 3967 568 4056 Quo
592 3968 719 4044 lactum
744 3977 889 4050 maxima
911 3991 984 4068 est,
1010 3992 1049 4050 ut
