2836 5080
745 522 939 592 „50-

357 717 623 790 Demosthenem
659 729 734 786 tum
765 717 936 788 Socratem
966 715 1145 812 velimus(
1168 714 1193 811 ).
1244 715 1331 803 Sed,

358 866 427 936 quo
455 840 615 912 Socratici
643 840 805 910 sermonis
834 841 903 910 vim
931 840 1157 934 percipiamus
1186 839 1332 908 interius

358 964 479 1053 etiam,
517 963 601 1033 haec
632 961 848 1034 attendamus
878 963 979 1051 item,
1015 984 1102 1055 quae
1137 959 1233 1030 addit
1263 959 1333 1030 illis

358 1086 573 1158 Alcibiades:
604 1086 661 1160 aa>
683 1089 733 1159 ἔτι
755 1111 799 1182 γε
818 1089 889 1175 νύν,
921 1086 1051 1180 inquit,
1077 1080 1207 1174 ξύνοιδα
1227 1079 1334 1178 ἐμαυ-

359 1209 420 1308 τῷ,
441 1209 491 1286 ’ὅτι
513 1210 539 1283 εἶ
558 1205 707 1304 ἐθέλοιμ’
720 1208 883 1307 παρέχειν
906 1207 952 1282 ric
974 1198 1056 1299 ὦτα,
1077 1208 1134 1280 οὐκ
1156 1206 1196 1282 to
1216 1231 1334 1302 καρτε-

360 1331 514 1430 mamni,
536 1327 631 1406 ἀλλὰ
652 1328 765 1406 ravrd
792 1329 832 1404 btv
854 1327 1044 1429 πάσχοιμι·
1068 1325 1253 1427 ἀναγκάζει
1265 1327 1332 1428 γάρ

361 1479 405 1550 με
440 1455 629 1552 ὁμολογεῖν,
672 1452 724 1528 ὅτι
758 1459 884 1526 πολλοῦ
918 1448 1020 1542 ἐνδεὴς
1055 1449 1095 1525 ὢν
1128 1451 1227 1531 αὐτὸς
1264 1451 1333 1542 ἐ’τι,

362 1574 508 1672 ἐμαυτοῦ
531 1580 592 1671 μὲν
617 1574 752 1672 ἀμελῶ,
784 1575 831 1650 τὰ
862 1573 894 1650 d'
915 1571 1074 1662 Αθηναὶων
1096 1571 1243 1671 πράττω.
1295 1575 1331 1644 Vi

363 1724 461 1794 crgo,
495 1701 592 1796 quasi
619 1699 779 1770 adversus
810 1699 968 1770 Sirenum
996 1711 1135 1788 cantus,
1170 1698 1333 1768 obturans

361 1847 477 1914 aures,
502 1811 595 1894 hunc
620 1821 713 1917 fugio
745 1834 780 1892 ct
808 1824 898 1913 vito,
922 1845 967 1892 ne
991 1819 1085 1917 apud
1110 1841 1190 1890 eum
1212 1819 1334 1890 sedens

361 1967 608 2017 consenescam.
659 1925 792 2017 ¹Accidit
812 1957 927 2016 autem
949 1944 1034 2014 mihi
1058 1943 1124 2015 hoc
1145 1967 1256 2015 coram
1277 1943 1335 2014 hc·
1407 2025 1408 2028 Ἴ

362 2069 474 2158 mine,
498 2067 592 2163 quod
610 2068 704 2140 haud
725 2067 823 2139 facile
843 2069 920 2162 quis
941 2079 1041 2163 putet
1064 2066 1150 2136 mihi
1170 2067 1334 2155 accidere,
1407 2149 1408 2170 χ

363 2203 403 2259 ut
435 2190 548 2284 pudor
570 2213 625 2260 me
650 2201 764 2259 teneat
797 2194 1032 2286 cujuscunque
1052 2183 1137 2278 viria
1168 2211 1226 2259 me
1258 2213 1335 2259 vero

364 2312 468 2406 hujus
504 2313 605 2383 unius
637 2312 750 2409 pudor
785 2325 892 2384 tenet.
942 2313 1103 2385 Conscius
1134 2316 1226 2384 enim
1254 2313 1335 2383 mihi

365 2459 459 2524 sum,
482 2433 641 2528 refragari
661 2457 717 2506 me
738 2458 807 2508 non
826 2459 947 2532 posse,
968 2435 1120 2508 facienda
1142 2457 1228 2526 esse,
1249 2459 1335 2532 quae

364 2557 501 2628 maille
519 2559 661 2654 jubeat,
684 2571 724 2630 ut
746 2583 827 2640 vero
849 2560 894 2630 ah
924 2581 966 2630 eo
987 2559 1192 2649 discessero,
1218 2583 1334 2654 popu-

363 2679 426 2750 lari
449 2705 505 2751 me
534 2682 719 2752 ambitione
747 2683 912 2776 superari.
963 2683 1087 2754 Doeero
1108 2684 1211 2776 igitur
1234 2681 1336 2751 illum

364 2815 400 2872 ct
422 2801 533 2895 fugio:
558 2802 681 2896 quodsi
705 2805 819 2898 ipsum
843 2805 1335 2901 intueordenuo,p1omisso·

364 2947 441 2993 rum
470 2946 525 2993 me
553 2923 680 3019 pudet:
711 2938 751 2995 ut
779 2928 914 3022 saepius
938 2929 1092 3024 cupiam,
1115 2951 1135 2998 c
1159 2929 1228 2998 rita
1257 2949 1334 2997 eum

365 3045 560 3134 discederc;
591 3071 709 3118 rursus
743 3071 840 3138 vero,
864 3051 903 3120 'si
926 3050 963 3120 id
985 3050 1167 3142 acciderit,
1190 3051 1260 3122 scio
1282 3073 1334 3119 mc

342 3170 465 3264 ·longe
496 3169 533 3242 id
562 3171 712 3266 iniquius
732 3171 972 3244 toleraturum:
994 3173 1236 3269 quamobrem,
1268 3195 1334 3268 quo

364 3306 589 3385 marsnam,
610 3306 670 3365 aut
691 3295 980 3390 quemadmodum
1006 3296 1067 3368 illo
1089 3309 1166 3367 utar
1186 3295 1333 3384 homine,

364 3416 476 3487 nescio
499 3415 598 3513 (†).''

390 3576 391 3580 ¹
411 3535 521 3624 Quam
542 3550 657 3609 antem
679 3563 739 3612 nos
758 3541 794 3610 in
817 3541 963 3613 Socratis
991 3542 1105 3614 indole
1127 3542 1334 3612 animadver-

365 3659 489 3752 timus,
523 3667 739 3758 conjunctam
768 3689 848 3737 cum
881 3666 991 3737 insitis
1022 3667 1133 3758 vitiis,
1166 3667 1334 3755 divinam,
1403 3701 1404 3704 ¹

398 3967 436 4038 (⁴)
453 3967 499 4020 Gff.
516 3985 577 4037 quae
593 3969 636 4021 hac
653 3970 682 4023 dc
701 3989 727 4022 re
744 3973 824 4024 monui
842 3971 903 4025 Inte.
920 3972 974 4025 vot
994 3971 1028 4025 ΙΙ.
1046 3973 1101 4024 Pars
1119 3971 1141 4024 Ι.
1158 3990 1183 4039 p.
1199 3977 1242 4023 8⁴.

398 4059 437 4130 (Τ)
453 4065 537 4130 Symp-
554 4065 605 4114 ato
620 4065 649 4116 A.
