2828 5098
690 519 912 593 -118-

321 733 385 814 est,
410 745 513 817 quam
536 743 597 792 nos
621 743 792 811 vocamus,
815 721 1038 816 apemlotiao
1057 716 1171 814 plane,
1195 719 1300 814 prin-

321 846 409 941 cipia
443 825 586 941 ponens,
618 867 706 939 quac
739 843 902 915 dicuntur
933 869 956 914 a
977 845 1121 940 priori,
1144 839 1298 937 indeque

319 989 373 1040 res
392 968 602 1062 gravissimas
621 967 806 1063 explicans,
828 988 930 1062 agens
952 966 1151 1062 praesertim
1170 964 1216 1036 de
1239 989 1296 1055 eo,

320 1093 413 1190 quod
433 1101 486 1162 cst
508 1102 543 1161 et
560 1117 631 1162 aon
651 1099 714 1162 cst.
743 1089 782 1160 In
805 1089 957 1162 Philebo
976 1090 1188 1183 agnoscimus
1207 1087 1296 1160 adeo

236 1253 239 1258 ·
320 1223 473 1284 actiacae
495 1214 783 1309 philosophiam,
812 1235 901 1308 (prae
933 1212 1102 1284 celebrata
1125 1211 1192 1283 hoc
1214 1235 1297 1282 nos·

319 1345 373 1406 tro
405 1357 487 1406 aava
519 1347 583 1406 est.
634 1313 864 1406 Vomntamen
885 1335 1028 1430 dialogis
1050 1335 1103 1407 his
1132 1335 1296 1406 omnibns

323 1455 534 1530 Theaetetus
554 1457 797 1552 praemittitur,
819 1459 880 1553 qui
899 1469 970 1527 tam
996 1461 1205 1529 Socraticus
1221 1481 1297 1530 ser·

319 1603 388 1671 mo,
413 1603 516 1675 qnam
541 1583 750 1655 dialecticas
772 1581 841 1654 diei
859 1581 1045 1677 haberique
1056 1593 1182 1683 potest.
1208 1579 1296 1652 Nam

319 1703 464 1774 Socratis
494 1705 646 1776 continet
668 1729 747 1776 curn
775 1705 979 1798 μαιωτικὴν,
1003 1717 1079 1776 tum
1101 1696 1298 1801 ἐπαγωγὴν,

319 1835 394 1898 tam
426 1848 561 1897 omnem
590 1825 796 1921 inquirendi,
826 1825 1037 1922 disputandi,
1067 1823 1212 1896 docendi
1243 1848 1295 1896 ra·

320 1945 468 2036 tioncm3
493 1961 533 2019 ut
556 1949 730 2022 rideamus
753 1949 867 2044 plane,
892 1947 1181 2044 quemadmodmn
1197 1947 1296 2018 Plato

319 2095 340 2144 a
374 2069 542 2145 Socratica
576 2071 752 2144 dialectica
783 2071 1146 2162 orsus‚al,subli1nia
1174 2071 1299 2142 illaec

320 2203 459 2287 coptum
477 2191 548 2264 sore
570 2205 725 2264 nostrum
748 2196 942 2288 superantia
965 2194 1194 2265 contenderit.

367 2311 436 2384 Neo
458 2325 591 2404 tamon,
615 2313 670 2386 his
695 2313 937 2407 consideratis,
960 2317 1296 2407 existirnemus,Ple·

319 2445 452 2524 torrem,
476 2435 659 2531 abreptum
687 2436 734 2506 ita
758 2424 884 2531 ingenii
907 2439 960 2528 vi,
983 2438 1181 2533 repudiasse
1213 2452 1297 2510 tan-

318 2556 398 2627 dem
417 2549 621 2630 Socraticam
642 2542 906 2653 philosophiam.
937 2557 1034 2652 Quae
1047 2585 1207 2654 puerum
1229 2563 1297 2634 ad·

319 2693 493 2776 spectarat
514 2676 644 2769 Maca,
667 2680 762 2774 quod
785 2681 832 2750 ait
854 2685 975 2774 potita,
1006 2686 1128 2755 eadam
1158 2709 1220 2754 aec
1237 2710 1298 2756 se-

318 2829 399 2872 nam
418 2804 595 2897 r·eh'qaa't,·
629 2801 733 2870 immo
755 2823 853 2892 vero,
880 2816 961 2872 ante
982 2817 1216 2896 senectutem,
1237 2807 1298 2901 ip-

317 2923 355 2992 sh
379 2921 506 3015 ingenii
529 2923 743 3013 maturitate,
767 2923 908 2997 adeam
930 2925 1032 2999 rediit
1050 2927 1298 3026 philosophus:

316 3043 419 3115 rediit
441 3055 557 3114 autem
580 3045 651 3136 ita,
675 3056 715 3115 ut
737 3069 831 3120 nnnc
852 3047 991 3120 demum
1022 3049 1124 3146 plane
1144 3051 1215 3125 dici
1229 3055 1297 3132 502

317 3170 476 3239 orations
493 3167 736 3262 philosophus
757 3181 883 3262 posset.
920 3170 1038 3242 Prouti
1060 3173 1095 3242 in
1118 3173 1297 3249 Phaedro
1410 3155 1411 3160 ἵ

317 3288 492 3358 Socratem
529 3300 839 3384 repraesentaverat
871 3291 1078 3386 lectoribus,
1113 3308 1154 3368 ut
1175 3297 1297 3373 docto·
1409 3389 1410 3394 Ἰ

315 3432 389 3480 rem
421 3412 678 3505 suavissimum,
715 3415 845 3510 quiquo
875 3416 1050 3490 meliorem
1080 3417 1220 3494 dicendi
1243 3449 1297 3494 ar·

318 3544 410 3623 tem,
436 3559 540 3630 quarn
563 3533 735 3632 sophistae
755 3537 957 3632 crepabant,
981 3523 1139 3636 tenebat,
1162 3549 1297 3645 quippe
1408 3623 1409 3644 ἶ

249 3658 252 3664 ’
314 3679 404 3752 quae
427 3683 507 3729 cum
530 3661 704 3733 verissima
728 3661 917 3756 dialectica,
942 3691 1022 3738 cum
1044 3671 1207 3742 cernendi
1213 3678 1296 3768 jun·

316 3778 489 3876 gendique
520 3795 593 3853 arte
627 3797 715 3856 essct
748 3789 948 3880 conjuncta,
971 3792 1019 3861 ita
1042 3797 1197 3866 nuncin
1218 3796 1295 3868 dia·
1407 3821 1408 3824 ’

313 3899 423 3996 logis,
447 3914 534 3998 quos
556 3905 716 4002 deinceps
739 3909 895 4005 scripsit,
917 3911 954 3982 in
979 3911 1142 4013 Gorgia,
1165 3919 1203 3990 in
1221 3919 1295 3992 Po-

312 4026 416 4116 titia,
446 4027 481 4096 in
505 4027 715 4119 Phaedone,
744 4031 779 4100 in
801 4031 991 4128 Symposio
1014 4035 1123 4130 ipsam
1144 4039 1292 4113 Socratis
