2824 5084
483 473 705 548 ...183-

104 665 141 735 id
163 667 303 762 probet,
328 669 506 762 proprium
527 668 631 764 hujus
649 669 786 765 scriptis
797 679 833 737 et
843 665 1076 762 philosophiae

101 787 227 880 fuisse,
242 801 300 860 ·ut
322 789 366 861 ad
392 803 481 863 artes
503 791 689 889 literaeque
711 790 900 886 elegantius
922 800 1089 860 nactam·

98 911 162 982 das
192 911 367 1008 inprimis
390 928 503 1005 essent
525 929 561 988 et
580 914 842 989 accommodata·
854 924 891 983 et
909 911 1075 982 efficacia:

99 1035 244 1130 probat,
276 1037 335 1106 uni
368 1039 588 1134 antiquorum
620 1037 904 1136 philosophorum
933 1035 1077 1108 maxime

98 1157 234 1230 Platoni
256 1159 382 1230 artium
406 1159 511 1233 luisse
532 1185 572 1234 ac
595 1162 795 1252 literarum,
819 1173 859 1232 ut
878 1161 928 1230 ita
946 1158 1057 1230 dicam
1062 1211 1076 1246 ,

98 1279 389 1372 enthusiasmum,
424 1308 494 1379 quo
527 1297 568 1355 ut
601 1287 676 1382 ipse
708 1284 830 1356 fuisset
859 1283 1007 1371 ductim,
1029 1281 1077 1352 ita

99 1404 270 1475 imbueret
291 1403 587 1502 inflammaretque
608 1420 777 1504 posteros.
826 1405 896 1477 Sed
917 1402 1077 1478 conside*

98 1550 226 1618 emas,
247 1528 334 1624 quia
357 1529 489 1608 1aain
511 1529 727 1627 philosophia
747 1531 897 1620 Platonis
919 1505 1076 1600 adnuae

99 1651 246 1720 maxime
269 1647 397 1722 fiacriut
418 1651 568 1748 indeque
591 1655 822 1749 susceperint:
843 1655 948 1744 itam,
970 1675 1077 1747 ,quam

99 1774 170 1842 rim
190 1772 275 1845 haec
296 1773 527 1848 llediceor'um
551 1773 733 1852 Academia
752 1775 924 1848 Platonica
943 1776 979 1844 in
1005 1775 1078 1846 lta-

98 1895 233 1988 lorum,
255 1897 465 1992 quinetiam
492 1897 746 1994 Europaeorum
767 1897 882 1969 studia
906 1894 1077 1966 habuerit.

63 2011 66 2023 '
99 2019 190 2090 Hinc
219 2019 319 2092 nobis
352 2031 431 2092 cum
454 2019 599 2092 virtutes
629 2019 866 2117 philosophiae
887 2016 1080 2089 Platonime

100 2141 271 2236 insignes,
295 2153 372 2213 tum
391 2143 497 2214 etiam
513 2144 597 2214 vitia
616 2143 787 2239 patebunt
809 2140 1001 2214 manifesto.

150 2263 284 2335 Placuit
298 2263 396 2334 'Italia
412 2267 449 2334 in
464 2265 605 2336 Platone
626 2267 808 2355 continuo,
829 2277 868 2336 ut
887 2263 1075 2334 anteCice·

99 2387 195 2475 roni,
227 2409 307 2456 cum
344 2385 514 2478 elegantia
542 2385 827 2481 philosophandi,
860 2399 936 2458 tum
969 2386 1079 2457 dialo-

98 2531 223 2602 gorum
244 2507 404 2603 scriptio:
427 2517 609 2601 utramque
625 2505 834 2578 studuerunt
851 2507 986 2576 imitari.
1011 2506 1077 2576 Sed

99 2631 207 2724 magis
240 2629 343 2700 etiarn
373 2628 476 2720 illos,
512 2653 616 2724 quam
649 2629 865 2720 Ciceronem,
899 2629 1022 2700 amoris
1044 2629 1078 2698 in

100 2760 175 2850 ejus
201 2753 337 2849 scriptis
360 2751 515 2824 doctrina
535 2753 637 2848 cepit.
674 2751 986 2826 accommodarunt
1003 2774 1078 2824 cam

101 2877 231 2950 scilicet
252 2849 461 2966 honestiori,
485 2875 546 2970 qui
568 2857 605 2946 in
626 2875 780 2948 moribus
801 2877 956 2972 ipsorum
967 2875 1078 2947 domi·

100 2999 268 3090 nabetur,
301 2999 431 3088 amori,
463 3009 539 3068 tum
567 3021 648 3070 vero
672 2999 776 3070 etiam
805 2999 1012 3070 sublimibus
1033 2996 1079 3068 de

100 3145 143 3194 eo
174 3123 347 3217 religionis
377 3119 588 3192 Christianae
621 3119 741 3193 effatis.
791 3121 910 3216 ltaque
932 3118 1077 3191 celebra-

102 3261 177 3318 tum
209 3246 247 3316 in
277 3267 397 3316 eorum
428 3241 635 3314 carminibus
667 3244 871 3340 scriptisque
893 3253 997 3337 atque
1018 3261 1077 3314 ex·

100 3392 259 3465 pressum
292 3367 461 3440 cernimus
496 3365 669 3461 puriorem
700 3389 848 3439 amorem
873 3364 994 3456 illum,
1017 3366 1077 3458 qui
1191 3445 1195 3458 ι

102 3495 160 3564 vix
182 3491 373 3587 quidquam
391 3488 521 3560 habens
541 3513 622 3560 cum
643 3509 785 3582 corpore
794 3513 834 3560 ac
843 3485 1077 3582 voluptatibus

102 3637 304 3705 commune,
328 3611 372 3684 ad
392 3610 624 3701 honestatem,
646 3609 691 3681 ad
711 3610 890 3700 virtutem,
913 3608 958 3682 ad
979 3633 1077 3706 prae-

102 3739 192 3812 clara
215 3737 326 3810 omnia
337 3761 377 3808 ac
386 3733 501 3806 di'vina
517 3733 689 3806 hominem
700 3731 858 3828 perducit
867 3731 930 3831 (*)
948 3729 1078 3829 Appel-

104 3913 310 3924 om

107 4045 110 4052 a
135 4008 170 4077 (⁴)
183 4011 217 4086 JV.
233 4009 314 4060 liciae
322 4045 332 4072 ,
350 4023 427 4074 supra
440 4008 463 4056 lo
476 4008 561 4055 Amore
576 4002 640 4054 Μ’
659 4005 763 4058 Cremo
778 4003 930 4054 depraessa.
941 3994 991 4050 lit.
1002 3963 1075 4054 tait.
