2836 5080
602 956 688 1006 Diva!
709 987 774 998 --
793 977 837 1012 nos
853 966 891 1012 ire
905 980 954 1030 per
972 981 1076 1029 mem,

601 1041 645 1089 Sia
663 1055 730 1092 amor
746 1051 799 1106 est,
820 1045 894 1094 heroo
911 1045 995 1095 velia!

912 1117 1020 1179 arinis.

914 1217 1095 1225 ...m—*0-

180 1373 281 1448 Pauoi
304 1379 570 1474 omnitempore
591 1377 743 1472 fuerim,
766 1381 882 1476 quide
892 1384 1031 1477 ingenio
1041 1405 1103 1458 suo

134 1523 170 1572 ao
188 1500 339 1572 moribus
360 1514 430 1572 tam
452 1500 584 1574 diverso
603 1501 759 1575 subirent
780 1505 1051 1602 upudoequales
1067 1521 1103 1578 et

133 1634 283 1720 posteros
301 1625 565 1719 judieia‚·quom
586 1625 1103 1722 socratessmphmniseifilius,

135 1746 359 1818 Atheniensis.
410 1747 595 1841 Descripsit
617 1770 696 1817 eum
716 1748 918 1844 Xenophon,
942 1765 981 1822 ut
992 1754 1107 1822 virum

133 1871 261 1942 bonum
285 1894 324 1940 ao
345 1870 547 1963 sapientem:
568 1871 696 1963 pariter
713 1869 821 1960 Plato,
833 1893 1037 1968 quamquam
1048 1873 1105 1945 hio

133 1992 277 2064 dubium
301 1993 397 2065 nobis
418 1990 510 2082 facit,
533 2015 617 2062 num
639 1993 743 2064 talem
764 2017 800 2063 se
818 2015 953 2089 semper
962 1999 1117 2091 praesti.

133 2119 223 2187 terit.
258 2115 325 2186 Sed
342 2115 438 2211 apud
458 2112 718 2210 Aristophanem
742 2115 834 2185 idem
845 2117 943 2188 nobis
952 2118 1107 2190 Socrates

132 2240 335 2335 proponitur
354 2251 394 2308 ut
413 2237 551 2326 atheus,
572 2250 612 2307 ut
624 2259 800 2331 perversae
811 2237 1010 2334 disciplinae
1028 2267 1102 2313 auc·

133 2375 199 2452 tor,
220 2373 267 2436 ut.
280 2361 471 2455 juventutis
497 2371 686 2452 corruptor.
735 2359 836 2448 Quod
862 2385 941 2433 eum
966 2364 1103 2458 ¹judiea-

131 2497 210 2556 re'nt
230 2494 349 2578 postea
368 2483 471 2552 etiam
488 2476 873 2568 Athenienseasfmtum
890 2485 1028 2556 tandem
1039 2500 1105 2576 est,

131 2619 172 2679 ut
195 2605 338 2702 publice
358 2607 387 2676 is
409 2615 519 2676 morte
540 2603 585 2673 sit
610 2601 866 2688 condemnatis.

180 2727 389 2820 Intelligitur
407 2725 500 2814 hino,
522 2748 591 2795 non
613 2725 661 2794 ita
683 2723 823 2796 difficile
839 2727 1015 2820 negotium
1030 2753 1105 2802 sus·

134 2855 268 2948 cipere,
299 2851 327 2921 si
349 2849 493 2944 quis-de
515 2848 651 2919 Socrate
673 2845 727 2916 vel
747 2847 792 2918 in
806 2848 931 2920 bonam
953 2866 1124 2947 partem,·

134 2974 189 3044 vel
212 2975 248 3044 in
283 2971 407 3042 malam
433 2953 556 3041 dicere
581 2967 682 3055 velit3
705 2992 784 3040 nam
803 2969 922 3062 hahet,
945 2997 1033 3068 quae
1056 2997 1104 3045 se-

134 3109 272 3192 quatur,
301 3092 470 3188 exempla:
502 3103 651 3186 suntque
683 3090 741 3160 ilia
763 3093 946 3188 utrubique
963 3098 1105 3167 auetori-

135 3221 213 3291 tatis
243 3239 404 3290 summae.
454 3214 522 3285 Sed
538 3249 540 3256 ·
554 3213 653 3284 nobis
684 3212 749 3284 hae
771 3217 886 3286 nostra
909 3228 1020 3288 aetate
1042 3241 1108 3291 neo

136 3341 325 3412 laudandus
347 3337 547 3433 simpliciter
566 3337 618 3406 vir
639 3334 787 3426 videtur,
809 3357 874 3409 nee
896 3339 1106 3435 culpandus:

135 3464 205 3536 tale
224 3487 285 3534 nos
304 3461 407 3534 hodie
425 3471 598 3531 certamen
614 3455 774 3554 sophistis
792 3484 832 3532 ao
851 3459 1045 3534 rhetoribus
1055 3485 1106 3534 re-

136 3588 332 3684 linquimus.
381 3583 472 3656 illud
491 3593 696 3678 spectamus,
715 3593 768 3672 ut,
788 3583 898 3678 qualis
918 3584 977 3656 ille
988 3607 1106 3682 reapse
1214 3584 1216 3590 ’

136 3711 272 3804 ingenio
294 3707 512 3802 moribusque
533 3705 651 3794 horit,
664 3703 865 3798 >indagando
876 3730 1104 3804 assequamur.

135 3833 305 3928 Cogitanti
325 3844 441 3903 autem
462 3827 558 3918 mihi,
581 3829 650 3923 qud
672 3828 886 3924 mitissimum
909 3831 962 3902 via
979 3831 1106 3905 adrem

135 3953 361 4026 dirimendam
393 3949 678 4048 progrediendum
702 3952 758 4042 sit,
782 3950 866 4025 hoec
887 3952 1037 4024 inermda
1060 3952 1105 4023 vi-
