2824 5084
494 461 716 536 -181-

115 655 174 751 plo
194 678 238 728 cx
259 655 364 750 hujus
388 655 563 753 Legibus,
586 658 647 730 aed
670 658 1088 753 longemaximccxejus·

112 776 195 848 dem
223 776 398 851 Phaedro
420 777 555 852 ducto?
602 780 672 854 Nec
694 793 829 853 tantum
850 778 991 852 formam
1010 778 1087 850 Pla-

112 901 187 973 toni
215 899 332 973 Cicero
352 899 496 989 debuit,
524 901 587 974 sed
608 916 644 975 et
663 905 858 992 materiam,
881 913 923 974 ut
942 925 984 972 ex
1005 900 1086 996 ipsis

110 1021 325 1116 dialogorum
347 1024 555 1116 argumentis
577 1047 617 1096 ac
638 1024 750 1095 titulis
772 1023 987 1116 intelligitur.
1017 1021 1088 1094 Nec

110 1145 249 1216 mirum.
299 1144 420 1216 Nullus
444 1169 596 1241 uuquam
616 1143 840 1242 philosophus
862 1157 959 1218 tanto
979 1144 1087 1239 scrip-

110 1271 221 1340 torem
243 1265 528 1363 philosophumre
549 1268 665 1340 studio
684 1281 720 1340 ct
741 1268 874 1358 ardore,
893 1268 964 1340 imo
973 1289 1087 1338 amore

110 1401 312 1486 prosecutus
340 1401 413 1481 est,
444 1403 575 1488 quanto
597 1391 773 1464 Platonem
795 1391 935 1480 Ciccro3
959 1391 1086 1487 princi·
1117 1449 1119 1454 ,

111 1533 192 1608 pom
213 1535 294 1584 eum
317 1513 470 1585 omnium
491 1512 773 1610 philosophorum
794 1513 918 1586 habet:
933 1511 1086 1610 philoso-

40 1647 51 1657 “
109 1634 259 1731 phorum
281 1633 367 1707 adeo
389 1634 493 1707 deum
520 1636 681 1733 appellat.
711 1637 788 1725 Quo
810 1635 938 1708 lactum
959 1638 995 1710 iu
1014 1636 1086 1730 pri-

107 1759 174 1828 mis
208 1755 367 1849 ridetur,
405 1770 445 1831 ut
479 1758 592 1850 ltalis,
631 1759 881 1830 renascentium
910 1757 1084 1830 literanum

108 1891 276 1975 tempore,
298 1904 409 1976 quum
419 1880 615 1954 Ciceronem
635 1879 845 1976 praeferrent
861 1876 1085 1974 scriptoribus

105 2003 267 2074 omnibus
292 2015 328 2074 et
349 2001 582 2100 philosophis,
604 2002 709 2099 hujus
732 2002 932 2076 auctoritate
949 2000 1086 2096 potissi-

105 2148 203 2197 mum
236 2123 385 2197 Platonis
415 2127 632 2222 exquirerent
654 2124 915 2223 philosophiam.
947 2122 1084 2194 'Comi-

104 2271 184 2320 mus
217 2249 254 2318 in
284 2248 378 2319 hisce
405 2250 513 2342 ipsius
542 2251 783 2343 praestantiam
818 2247 978 2320 Platonis.
1029 2246 1084 2316 Sic

102 2370 200 2439 enim
228 2367 288 2436 illc
316 2389 380 2462 per
401 2365 598 2438 Ciceronem
620 2392 699 2439 cum
719 2371 880 2440 Romanis
907 2383 982 2442 tum
1005 2392 1081 2462 gerr-

105 2489 201 2560 tibus
227 2488 330 2558 ctiam
352 2487 618 2578 recentioribus,
648 2488 691 2560 od
710 2488 825 2560 studia
847 2489 931 2560 hacc
952 2491 1082 2560 naviter·

102 2609 311 2706 capessenda
339 2621 375 2680 ct
397 2609 657 2705 persequenda,
679 2623 799 2683 auctor
819 2609 886 2682 luit
907 2611 1078 2705 princeps.

101 2731 233 2824 Quodsi
263 2730 358 2827 apud
393 2730 530 2803 eosdem
560 2730 688 2802 deinde
718 2733 909 2821 Romanos,
945 2731 1078 2826 Trajaui

100 2881 142 2929 ac
173 2854 219 2926 Μ.
251 2851 382 2926 Aurelii
414 2850 578 2926 Antonini
608 2865 781 2949 tempore,
812 2855 978 2928 excitatus
1011 2854 1074 2926 de-

100 3000 171 3050 nuo
203 2988 256 3048 cst
286 2974 523 3072 philosophiae
545 2975 663 3068 ardor,
688 2989 729 3050 ut
759 2979 886 3072 scripta
908 2989 1076 3050 testantur

99 3097 276 3172 Plutarchi
302 3109 339 3170 et
359 3097 517 3190 Luciam,
540 3097 717 3194 valuitque
746 3098 832 3170 adeo
860 3096 1073 3194 philosophia

97 3222 142 3294 ad
170 3223 352 3320 imperium
373 3223 564 3296 Romanurn
586 3235 680 3296 recte
709 3222 917 3318 regendum,
943 3223 1073 3294 Stoico-

98 3353 177 3418 rum
199 3346 236 3416 in
257 3343 311 3418 his
336 3347 567 3439 agnoscimus,
592 3344 654 3420 sed
675 3346 820 3417 maxime
841 3345 1071 3440 Platonisplu-

95 3469 187 3555 citur
206 3471 305 3563 cujus
328 3468 485 3541 certatim
506 3468 552 3538 ab
573 3467 733 3540 omnibus
751 3468 988 3541 celebrabatur
997 3494 1070 3542 scn-

95 3591 205 3662 tentia
238 3613 299 3662 sau
326 3590 441 3688 potius
463 3591 678 3663 vaticinium:
709 3602 785 3660 tum
807 3589 947 3663 demum
965 3591 1070 3662 finem

94 3712 291 3786 civitatibus
324 3712 491 3784 malorum
519 3709 695 3804 futurum,
727 3713 756 3784 si
793 3711 847 3784 vel
874 3712 1067 3810 philosophi
1215 3769 1221 3782 .

96 3861 151 3908 cas
176 3846 352 3932 regerent,
376 3835 431 3908 vel
452 3857 569 3904 eurum
580 3846 727 3906 rectores
739 3833 932 3932 philosophi
944 3849 1066 3906 essent.

98 3960 210 4032 Patuit
233 3959 280 4030 ita
303 3957 455 4030 dilucide
477 3969 621 4052 utraque
651 3969 779 4046 aetate,
803 3970 930 4053 quanta
952 3979 1069 4050 reapse
1180 4049 1185 4058 ἢ
1277 4033 1283 4048 ,
