2828 5098
739 421 928 492 ..96-

350 617 441 686 idem
475 613 533 684 illc
568 613 663 686 Plato
696 613 750 684 vel
784 615 928 709 scriptor
953 613 1137 686 haberetur
1160 614 1245 685 levis
1268 630 1323 686 at-

350 762 418 834 que
442 738 570 826 inanis,
595 737 656 832 qui
680 734 830 808 flosculis
856 751 1048 809 exornasset
1072 739 1216 834 poeticis
1241 763 1324 810 ora-

350 867 477 936 tionem
510 888 627 953 suam,
664 863 718 933 vel
743 865 894 934 inanium
918 865 1089 938 diceretur
1111 867 1322 938 somniorum

350 991 386 1058 in
406 986 621 1084 philosophia
644 999 771 1058 auctor.
823 988 892 1081 Ego
914 989 950 1057 in
972 987 1146 1061 tradendis
1162 991 1324 1086 philoso-

344 1115 460 1210 phiae
484 1112 697 1182 Platonicae
722 1115 845 1180 initiis
873 1111 1015 1182 lectores
1048 1110 1092 1180 ad
1124 1111 1207 1183 haec
1230 1137 1323 1184 sacra

350 1234 539 1323 adducere,
566 1233 675 1327 iisque
699 1232 806 1302 veluti
831 1237 984 1304 initiare
1008 1233 1145 1321 studui,
1170 1259 1236 1306 nec
1259 1238 1324 1308 mi-

349 1383 414 1429 nus
448 1357 589 1429 sormam
625 1354 862 1451 philosophiae
898 1356 989 1428 illius
1019 1358 1322 1449 celebratissimae,

350 1505 453 1576 quam
477 1492 633 1550 naturam
658 1489 693 1548 et
718 1477 868 1549 indolem
893 1480 1062 1574 spectavi:
1086 1478 1237 1552 restabat
1262 1507 1322 1552 ve-

348 1628 406 1694 ro,
432 1615 471 1674 ut
495 1602 539 1672 de
564 1603 638 1697 ipso
663 1625 797 1694 agerem
823 1601 983 1673 Platone:
1008 1602 1214 1696 indagarem,
1238 1631 1322 1700 qua·

349 1727 391 1797 lis
426 1726 485 1796 ille
521 1727 656 1818 ingenio
688 1723 827 1812 suisset3
862 1751 929 1821 qua
954 1727 1098 1797 maxime
1124 1739 1214 1798 essct
1239 1753 1321 1800 usus

348 1847 536 1938 scribendi,
562 1860 638 1918 turn
661 1872 741 1920 vero
765 1850 964 1944 praesertim
989 1848 1253 1945 philosophandi
1264 1875 1321 1921 ra·
1404 1913 1405 1950 3

347 1974 458 2060 tione,
483 1994 547 2042 nec
571 1975 645 2064 eJus
667 1971 786 2041 laudes
806 1971 918 2044 solum
941 1997 980 2044 ac
1000 1974 1121 2044 merita
1146 1974 1182 2042 in
1206 1973 1322 2068 philo-

346 2094 501 2189 sophiam
534 2105 569 2163 et
603 2095 735 2185 generis
766 2094 907 2164 humani
941 2119 1074 2166 caussas
1110 2097 1322 2190 gravissimas

346 2215 558 2286 attenderem
592 2238 631 2284 ac
662 2215 885 2304 celebrarem,
920 2215 981 2286 scd
1013 2217 1094 2288 vitia
1130 2219 1214 2288 item
1236 2221 1321 2309 viri,

348 2361 495 2434 quorum
523 2360 603 2408 sane
632 2338 725 2432 ipse,
759 2339 913 2432 quamvis
938 2341 1084 2411 divinas
1106 2339 1177 2412 sere
1194 2345 1322 2438 philo-

295 2451 298 2456 ’
348 2463 481 2558 sophos
514 2460 626 2531 dictus
661 2461 725 2549 sit,
759 2485 827 2532 non
856 2463 1017 2534 immunis
1040 2462 1143 2534 suiss'e
1165 2465 1321 2556 videtur,

347 2597 521 2672 notarem3
556 2583 693 2654 omnino
726 2595 796 2652 tam
829 2581 998 2676 Platonis,
1032 2609 1136 2681 quam
1169 2587 1323 2682 philoso=

348 2708 472 2802 phiae,
510 2729 613 2798 quam
645 2706 846 2799 proposuit,
881 2707 1175 2782 characterismum
1209 2709 1323 2782 confi-
1403 2747 1404 2784 ς

348 2851 471 2899 cerem.

398 2949 475 3021 Feci
509 2950 544 3021 id
578 2951 698 3040 simili,
731 2975 795 3024 nec
817 2965 931 3025 tamen
954 2956 1091 3048 cadem,
1113 2985 1182 3054 qua
1204 2961 1322 3032 Socra·
1403 2987 1404 3064 p

350 3089 421 3145 tem
452 3073 645 3169 exploravi,
678 3075 817 3146 ratione.
878 3079 962 3148 Nam
998 3079 1042 3150 de
1076 3082 1150 3176 ipso
1182 3083 1323 3156 Platone

351 3213 420 3268 tam
454 3210 592 3273 veteres,
621 3221 725 3290 quam
748 3193 949 3274 recentiores
974 3219 1217 3276 consenserunt
1241 3207 1321 3277 sere.

350 3320 425 3392 Non
442 3323 495 3391 ita
517 3319 597 3409 ille,
622 3331 661 3390 ut
684 3322 857 3413 Socrates,
881 3324 924 3394 ab
948 3324 1020 3396 aliis
1047 3328 1084 3396 in
1106 3327 1323 3398 coelumlau-

351 3445 454 3515 dibus
488 3445 617 3535 elatus,
652 3445 696 3515 ab
718 3446 792 3518 aliis
814 3449 969 3542 pessimis
992 3451 1324 3546 perversissimisque

351 3581 591 3639 annumeratus
614 3567 809 3640 hominibus
832 3584 903 3642 est:
927 3572 1083 3644 admirati
1109 3597 1189 3645 cum
1208 3597 1326 3646 omnes

351 3703 455 3780 sunt,
493 3691 592 3762 multi
625 3691 710 3764 adeo
744 3707 901 3764 amarunt
935 3693 1198 3794 dilexeruntquc
1220 3697 1327 3769 vehe-

351 3826 512 3886 menter*
544 3814 612 3884 Sed
646 3815 690 3884 de
724 3815 942 3914 philosophia
974 3820 1038 3889 riri
1070 3834 1144 3893 orta
1166 3835 1219 3894 est
1242 3845 1328 3894 oon·
1402 3895 1403 3914 ξ

351 3938 479 4007 tentio:
514 3957 578 4008 neo
611 3935 738 4007 desunt
758 3939 860 4010 hodic
882 3942 1001 4033 etiam,
1025 3945 1085 4036 qui
1106 3944 1158 4014 vel
1181 3943 1328 4016 laudent
1402 3935 1403 3982 ³
