2836 5080
221 463 224 470 ’
344 527 346 537 .
506 471 694 538 -15-

118 667 293 736 violentam
332 677 471 732 mortem
507 665 668 734 subierat.
723 664 760 733 ld
793 664 859 734 diei
893 667 946 734 rix
970 677 1081 758 potest
1115 663 1118 670 ’

116 801 274 884 quantam
298 789 333 855 iu
353 787 528 857 homiuum
540 810 655 858 seusus
668 789 736 856 viru
748 786 882 856 habeat.
908 785 1080 856 Admiran-

117 925 169 980 tur
187 912 235 980 ita
259 908 493 1003 facile,que1u
517 923 613 978 antee
638 923 769 978 tantum
794 933 861 980 uun
872 909 1028 980 oderant:
1043 923 1080 978 ut

116 1033 235 1104 iisdem
255 1031 323 1102 lere
340 1031 552 1126 temporibus
564 1031 721 1126 exemplo
730 1033 842 1126 patuit
853 1028 1079 1101 Theramenis.

114 1158 142 1227 ls
166 1156 309 1250 agitatus
330 1153 400 1224 lere
422 1179 441 1223 a
462 1153 598 1226 comicis
622 1152 753 1242 iuerat,
787 1149 926 1248 κόθορνος
947 1153 1080 1241 dictus,

114 1277 206 1374 quud
239 1276 395 1348 omuibus
428 1301 464 1348 se
493 1276 590 1348 facile
622 1279 658 1346 in
693 1277 828 1348 civitate
854 1277 1008 1372 partibus
1029 1301 1079 1347 ac-

115 1400 362 1474 commodabat:
397 1402 432 1469 in
461 1398 599 1502 historia
632 1399 717 1471 adeo
749 1400 953 1472 Graecorum
979 1397 1082 1470 homo

117 1536 314 1620 apparuerat
336 1524 498 1594 scelestus
517 1524 636 1618 plane,
660 1525 790 1619 quippe
812 1524 922 1595 caedis
945 1537 1079 1612 auctor,

114 1647 327 1741 que-injuste
347 1647 454 1741 ipsius
472 1647 620 1740 collegae
640 1661 735 1718 eraut
755 1644 901 1718 multati.
927 1647 1080 1719 Eundem

114 1792 191 1838 vero
222 1782 417 1859 mortuum,
441 1793 549 1864 quum
575 1768 706 1863 placide
729 1783 891 1859 mortem,
913 1774 980 1864 qua
1003 1793 1080 1840 con·

112 1891 288 1962 demnatus
322 1917 341 1962 a
376 1893 526 1986 tyrannis
557 1890 686 1980 fuerat,
720 1891 927 1986 pertulerat,
949 1913 1081 1962 summo

111 2016 236 2108 posteri
270 2015 397 2087 honore
420 2014 627 2086 habuerunt.
678 2015 784 2086 Notus
807 2013 964 2084 omuibus
986 2013 1082 2084 locus

111 2134 278 2208 Ciceronis
310 2149 372 2208 est.
428 2127 549 2232 Quom'
566 2163 620 2238 me
644 2137 794 2208 delectat
819 2133 1081 2208 Theramenes!
1154 2189 1156 2196 .

109 2285 212 2354 quam
242 2263 334 2332 elato
357 2265 476 2331 animo
498 2263 574 2332 eet!
609 2264 678 2330 etei
707 2265 801 2330 enim
827 2261 980 2354 sicinus,
1004 2286 1082 2330 cum

107 2383 281 2476 legimus,
320 2392 436 2452 tomen
471 2408 540 2451 oon
571 2383 831 2452 miserabiliter
863 2387 923 2453 cir
958 2385 1081 2454 clerus

105 2505 309 2574 emoritur:
344 2505 405 2598 qui
437 2527 514 2572 cum
544 2507 720 2596 conjectus
742 2507 783 2572 iri
805 2521 984 2575 carcerem
1006 2509 1081 2576 tri·

102 2629 212 2722 ginta
233 2629 346 2720 jussu
381 2636 639 2720 tyrannorum,
683 2651 851 2696 cenenum
883 2637 924 2696 ut
956 2630 1080 2698 sitiens

106 2751 328 2836 obduxisset,
363 2751 540 2845 reliquom
574 2752 627 2818 eie
650 2751 815 2844 apoculo
837 2724 956 2844 ejecit,
980 2759 1020 2820 ut
1040 2749 1082 2818 ici

107 2882 318 2944 resonaret:
353 2898 418 2967 quo
442 2875 561 2942 sonitu
583 2873 741 2958 reddito,
774 2873 965 2958 arridens,
989 2898 1079 2967 pro-

100 2998 210 3089 pino,
244 2998 376 3090 inquit,
413 2996 477 3064 icoc
503 2995 636 3088 peiere
672 2993 836 3081 Critiae,
859 2998 981 3091 quiin
1003 3019 1079 3062 eum

99 3123 230 3208 fuerat
264 3121 503 3188 taeterrimus.
539 3148 583 3162 -
615 3115 720 3188 Lusit
744 3121 805 3187 vir
827 3120 996 3212 egregiae
1018 3139 1080 3186 ee·-

109 3249 222 3310 tremo
244 3242 403 3334 spiritu,
429 3265 507 3308 eum
519 3243 604 3331 jem
619 3239 856 3332 praecordiis·
879 3248 1080 3332 conceptam

109 3372 259 3433 mortem
293 3367 512 3435 contineret:
553 3389 701 3458 vereque
735 3367 787 3451 ei,
822 3365 881 3432 eoi
913 3385 1081 3432 venenum

103 3463 363 3580 praebiberat,
386 3498 534 3558 mortem
566 3499 619 3558 est
641 3511 719 3555 eam
746 3479 964 3581 auguratur,
994 3511 1082 3582 quac

110 3611 216 3679 brevi
235 3620 418 3680 consecuta
441 3606 566 3706 esi(*).
593 3607 721 3698 Quodsi
743 3607 955 3696 Therameni,
978 3631 1081 3702 quem

109 3753 228 3802 omnes
258 3731 419 3818 oderant,
453 3734 619 3825 injustum
652 3729 859 3826 supplicium
893 3755 932 3801 ac
965 3730 1082 3801 mortis

145 4000 180 4069 (¹¹)
202 3999 229 4049 T
226 4019 280 4052 uec·
298 4003 317 4051 1.
337 4004 377 4050 40.
