2836 5080
481 515 676 588 ..ου-

94 707 211 789 tirell
227 721 344 788 τοῦτον
356 713 410 787 τὸν
420 714 563 804 animm,
573 714 725 810 ποτέρους
736 708 819 788 elau
829 714 919 789 κουοὶ
929 715 1053 794 πολλά.

91 833 230 916 τούτους
248 835 317 934 γορ
339 834 404 930 ’ἔφη
424 835 501 915 τοὺς
521 831 700 933 ἀνθρώπους
719 837 806 910 πολὺ
826 835 979 931 βελτίους

840 933 1053 1033 morticini,

87 1054 142 1128 ea>
164 1052 216 1149 τῷ
236 1061 371 1152 πολέμῳ
394 1057 482 1130 πολὺ
505 1055 658 1150 vicicco,
683 1066 797 1134 τοῦτον
816 1059 1005 1154 ξύμβουλον

825 1160 970 1258 ἔχοντος
990 1157 1005 1256 (
1026 1155 1051 1254 ).

131 1321 286 1393 Salutem
319 1303 433 1393 autem
457 1325 577 1419 populi
604 1327 657 1406 sui
684 1327 720 1394 in
748 1328 866 1422 primis
888 1329 1055 1423 spectavit

86 1442 347 1538 AristophaneS,
376 1469 483 1539 quum
519 1445 641 1518 Nubes
675 1448 802 1518 ederet.
835 1449 920 1520 Nom
937 1475 977 1522 eo
994 1476 1052 1521 va-

88 1567 179 1638 lebat
201 1567 237 1635 in
261 1567 378 1662 primis
397 1568 516 1638 comici
532 1569 728 1659 consilium,
744 1583 783 1640 ut
805 1595 883 1642 cum
900 1597 1051 1644 caussam

86 1701 239 1759 tueretur
265 1689 374 1759 avitae
395 1689 585 1782 religionis,
606 1702 680 1760 tum
699 1691 813 1784 palam
832 1692 956 1766 faceret
977 1720 1050 1766 cm-

86 1812 203 1901 nihus,
237 1835 306 1906 quo
336 1835 439 1907 prava
471 1811 655 1892 adduceret
670 1816 835 1906 juvenum
854 1814 1051 1910 disciplina,

85 1934 141 2004 ille
162 1935 380 2030 praesertim,
402 1957 470 2030 qua
496 1945 531 2004 et
553 1934 641 2005 Deos
664 1945 880 2006 contemnere
901 1947 936 2004 et
950 1934 1053 2030 injus-

86 2069 118 2126 te
139 2058 254 2128 vivere
272 2065 375 2152 etque
392 2079 493 2150 agere
513 2056 694 2128 discerent.
744 2056 864 2127 Sedut
883 2068 979 2151 patet
990 2056 1055 2128 hoc

86 2181 162 2250 satis
182 2202 226 2250 ex
246 2179 337 2249 omni
354 2191 467 2250 nostra
487 2181 660 2276 superiore
677 2179 926 2276 disputatione,
945 2179 992 2248 ita
1008 2180 1051 2248 il-

86 2301 145 2372 lud
167 2301 400 2397 qrmerendum
422 2303 519 2376 nobis
541 2303 700 2398 deinceps
719 2315 792 2392 est,
813 2325 919 2398 quare
939 2302 1052 2373 Scom-

15 2449 16 2456 ¹
85 2425 126 2495 tis
154 2423 300 2517 persona
322 2425 488 2513 comicus,
508 2449 577 2494 non
596 2425 682 2494 alins
703 2425 881 2516 cujusdam
898 2427 969 2496 sive
990 2427 1051 2495 So·

83 2547 232 2642 phistae,
251 2545 321 2615 sive
340 2546 493 2634 oratoris,
513 2545 557 2613 ad
568 2567 719 2616 caussam
736 2545 905 2635 religionis
925 2569 964 2616 ac
977 2549 1052 2636 jus·

86 2669 180 2738 titiee
200 2665 435 2738 vindicandam
455 2687 537 2736 usus
555 2667 610 2736 sit.

549 2909 588 2979 ll.

114 3079 233 3174 Quare
256 3079 440 3150 Socratem
462 3080 503 3148 in
524 3079 591 3147 hoc
599 3079 733 3176 sabula
755 3074 1028 3171 Aristophanes,

200 3241 271 3286 οοοτο
294 3211 502 3309 Sophistam
520 3214 693 3308 aliquem,
710 3207 937 3308 οτοουςοίυυὶἰ.φ

931 3389 958 3417 Ν

134 3394 210 3466 Erat
240 3397 383 3468 maxima
408 3397 613 3469 comicorum
643 3393 703 3464 ille
737 3407 845 3466 aetate
873 3394 1052 3488 τυρρητίοο,

88 3531 212 3606 utnon
232 3520 342 3592 solum
362 3520 510 3594 illustres
528 3521 565 3590 in
584 3519 719 3592 civitate
733 3520 820 3614 viros
829 3516 1052 3602 adorirentur,

89 3641 145 3712 sed
164 3665 210 3712 ne
225 3642 289 3738 ipsi
300 3642 774 3740 quidempopulopercemnt.
800 3637 1056 3736 Exprobmbnnt

91 3786 329 3861 nonnunquam
349 3767 479 3838 civibus
503 3769 572 3838 suis
593 3769 755 3862 pessima,
777 3787 865 3858 quae
888 3765 923 3833 in
949 3759 1052 3834 comi-

124 4043 156 4111 (Ἴ
176 4049 246 4096 Arist·
266 4049 373 4098 Aeliam.
392 4064 427 4098 το.
446 4049 503 4098 046.
