2828 5098
715 477 905 546 ...94-

333 682 549 777 disciplinae,
573 703 592 748 e
615 677 755 747 Platone
776 675 871 770 eligit
894 679 1130 771 potissimum,
1150 703 1239 776 quae
1261 681 1309 752 ad

333 803 501 876 mundum
534 801 718 892 moralem,
744 823 786 871 ex
816 797 999 871 Aristotele
1024 823 1128 894 vero,
1150 827 1240 899 quae
1261 805 1310 875 ad

332 927 511 1025 physicum
534 924 703 996 mundum
733 921 1006 1018 cognoscendum
1028 925 1165 1018 valent,
1200 951 1242 998 ex
1264 951 1309 997 u-

331 1065 453 1146 troque
492 1060 607 1119 autem
640 1045 845 1142 philosopho
877 1045 1078 1118 methodum
1103 1051 1214 1144 petit,
1236 1075 1308 1144 qua

331 1183 463 1246 nosmet
494 1173 584 1268 ipsi,
616 1183 779 1266 tanquam
801 1172 1046 1263 instrumento,
1069 1174 1141 1265 usi,
1171 1186 1308 1244 utrum-

332 1321 400 1392 que
422 1296 521 1367 nobis
541 1293 710 1364 mundum
731 1295 933 1388 aperiamus.
959 1293 1070 1386 Haec,
1093 1295 1122 1366 si
1141 1319 1211 1390 qua
1230 1296 1308 1388 alia,

332 1445 411 1493 eum
446 1443 535 1490 cero
564 1416 779 1514 philosophia
811 1429 884 1508 est,
915 1418 1038 1488 nostris
1060 1418 1205 1488 maxime
1227 1431 1308 1514 apta

332 1540 561 1636 temporibus,
584 1551 660 1609 tum
682 1563 750 1608 una
774 1538 961 1610 rectissime
973 1542 1138 1612 eclectioo
1148 1539 1306 1612 dicenda.

332 1663 433 1753 Quod
463 1653 542 1734 cum
573 1685 817 1758 saepenumero
848 1674 1044 1759 reputarem
1077 1687 1235 1757 mecum,
1258 1663 1308 1733 nil

333 1787 417 1857 mihi
439 1785 611 1881 suscipere
629 1788 739 1880 majus
760 1807 860 1880 posse
882 1809 946 1857 nec
962 1787 1065 1856 aetati
1076 1799 1212 1858 nostrae
1227 1810 1306 1858 con-

332 1911 523 1981 venientius
563 1905 813 2004 salutariusque
857 1910 949 1980 visus
993 1933 1089 2001 sum,
1129 1935 1233 2006 quam
1265 1923 1308 1982 ut
1402 1907 1403 1940 ;

332 2035 513 2128 utriusque
534 2031 789 2127 philosophiae,
811 2031 1003 2104 Platonicae
1024 2032 1307 2128 atquehristote

332 2159 405 2229 leae
437 2179 516 2228 cum
550 2169 707 2227 naturam
738 2156 955 2250 indagarem,
977 2169 1053 2228 tum
1075 2157 1307 2230 diversitatem

333 2277 657 2369 animadverterem,
680 2291 756 2350 tum
778 2281 903 2371 etiam,
925 2281 1039 2376 quoad
1061 2285 1135 2378 ejus
1155 2281 1233 2355 fieri
1254 2283 1307 2352 di-

334 2383 556 2496 ligentissime
578 2415 711 2498 posset,
734 2402 962 2474 characterem
985 2406 1230 2499 exprimerem:
1252 2405 1307 2476 ad-

333 2523 490 2596 hiberem
527 2535 642 2595 autem
676 2548 717 2596 ec
750 2549 820 2596 non
851 2527 978 2622 scripta
1009 2526 1121 2596 solum
1155 2529 1307 2623 ipsorum
1401 2513 1402 2518 ἵ

332 2647 636 2746 philosophorum,
658 2671 867 2742 quamquam
890 2647 974 2741 haec
996 2648 1094 2720 nobis
1115 2673 1187 2721 esse
1205 2673 1306 2745 prae-

332 2774 425 2869 cipui
459 2771 569 2842 fontes
601 2769 749 2859 debent,
782 2769 843 2840 sed
871 2771 975 2842 etiam
997 2795 1134 2843 omnem
1154 2771 1306 2868 philoso·

332 2893 433 2988 phiae
454 2891 649 2981 historiam,
675 2892 711 2960 in
733 2915 802 2987 qua
823 2893 974 2985 scilicet,
998 2906 1160 2990 tanquam
1180 2897 1218 2966 in
1240 2921 1308 2968 am·

331 3015 440 3117 pliore
471 3013 600 3109 spatio,
637 3014 818 3110 utriusque
856 3015 1093 3113 philosophiae
1123 3019 1306 3092 discrimen

332 3139 545 3234 maximaque
566 3137 743 3208 diversitas
766 3140 985 3235 conspicitur.
1009 3141 1109 3230 Quod
1120 3167 1205 3213 num
1216 3155 1307 3216 recte
1401 3215 1402 3236 ,

332 3263 542 3356 susceperim
583 3259 876 3358 probabiliterque
917 3263 1137 3359 perfecerim,
1171 3277 1306 3355 restro,

333 3383 490 3474 Sodales,
506 3381 639 3477 judicio
660 3382 825 3480 subjicio,
848 3386 898 3456 sic
919 3396 1034 3456 autem
1056 3409 1115 3458 vos
1137 3387 1242 3458 velim
1264 3387 1306 3458 de

334 3527 389 3574 me
419 3504 635 3588 existimetis,
661 3529 735 3578 esse
760 3507 862 3598 alios,
887 3507 1008 3603 quiin
1029 3509 1173 3581 colenda
1197 3511 1305 3607 philo

333 3626 453 3723 sophia
475 3631 616 3726 antiqua
636 3655 834 3727 progressus
856 3631 999 3704 iecerint
1021 3634 1122 3729 longe
1143 3639 1304 3731 majores,

272 3795 275 3804 ψ
333 3750 415 3840 sed,
444 3752 505 3845 qui
536 3751 710 3825 ardentius
745 3751 932 3849 provehere
965 3767 1001 3826 et
1028 3758 1136 3852 ipsam
1157 3757 1304 3854 philoso·
1400 3775 1401 3796 l

333 3873 470 3970 phiam,
505 3886 558 3964 et,
595 3897 657 3970 per
687 3876 957 3972 philosophiam,
992 3881 1222 3973 gravissimam
1245 3881 1303 3954 hu·

257 3990 263 3997 ’
333 3997 504 4068 manitatis
527 4021 679 4070 caussam
701 4000 835 4095 cupiat,
858 3999 957 4073 facile
979 4025 1052 4074 esse
1073 4005 1255 4076 neminem.

754 4144 883 4173 -οι-
