2824 5084
536 535 540 554 Ι
638 440 929 516 --aos-

336 646 506 716 hominem
539 643 582 712 ad
609 643 771 710 virtutem
802 651 837 710 et
850 637 1042 732 Justitiam,
1063 644 1306 726 usurpaverat3

335 766 532 840 Aristoteles
553 785 653 854 vero,
674 763 776 832 misso
798 759 904 830 ferme
916 758 1065 844 homine,
1077 768 1217 826 externo
1227 775 1306 846 cog-
1393 770 1397 847 j

335 887 505 960 noscendo
527 884 657 956 mundo
679 883 928 976 doctrinisque,
945 901 1033 975 quae
1052 875 1305 948 illuoreferren-
1394 850 1397 889 ³

336 1026 415 1102 tur,
440 1001 625 1082 adhibebat
645 1005 868 1078 dialecticam.
920 1001 1011 1074 Haec
1029 1025 1109 1071 vero
1132 1013 1212 1071 cum
1234 1000 1305 1069 sin-

336 1133 416 1226 gula
446 1133 496 1202 illi
515 1129 713 1224 singulatim
733 1137 894 1221 agerent,
918 1149 980 1196 nec
1001 1123 1098 1194 Plato
1118 1120 1307 1193 naturalem

336 1257 471 1352 potuit,
494 1277 558 1325 nee
576 1250 775 1324 Aristoteles
796 1247 959 1321 moralem
978 1246 1243 1344 philosophiam,
1260 1268 1308 1332 ea,
1395 1297 1396 1318 1

336 1403 405 1473 qua
435 1390 497 1473 par
526 1389 621 1466 erat,
654 1372 832 1446 excolendi
853 1369 1112 1464 disserendique
1133 1368 1309 1462 diligentia

336 1515 489 1600 tractare.
540 1501 635 1588 Quae
652 1521 732 1570 cum
753 1499 801 1567 ita
822 1519 858 1566 se
875 1495 1059 1583 haberent,
1081 1517 1151 1588 quo
1171 1491 1309 1562 tandem

335 1635 436 1719 pacto
467 1624 613 1718 uterque
644 1643 780 1692 omnem
812 1617 994 1713 complecti
1015 1627 1131 1685 mente
1150 1627 1309 1708 recteque

336 1745 523 1841 provehere
539 1769 579 1817 ae
598 1744 740 1815 dilatare
752 1739 988 1846 philosophiae
998 1739 1167 1810 ambitum
1177 1733 1309 1833 potuit?

337 1845 493 1942 Habebat
521 1881 635 1939 autem
659 1878 803 1960 uterque
822 1864 968 1960 pariter,
989 1885 1059 1956 quo
1078 1885 1156 1932 suas
1176 1863 1214 1930 in
1234 1859 1309 1956 phi·
1395 1935 1396 1940 ,

337 1993 546 2088 losophando
578 2003 691 2086 partes
714 1985 947 2057 admirabilem
968 1986 1005 2054 in
1025 1983 1168 2054 modum
1181 1995 1305 2078 ageret.

336 2115 545 2184 Dubitarunt
563 2111 607 2180 de
627 2112 762 2180 Socrate
779 2109 931 2202 antiqui,
954 2108 1105 2200 magisne
1125 2105 1247 2177 luisset
1268 2104 1308 2184 do

337 2236 375 2308 τὸ
399 2229 648 2330 προτρέπεσθαι,
671 2256 714 2301 an
736 2231 779 2310 eh
803 2231 841 2304 rh
863 2234 1069 2328 προαγαγεῖν
1087 2229 1306 2326 aptus3nohis

336 2357 381 2426 de
411 2355 551 2426 Platone
579 2367 614 2426 et
641 2353 845 2445 Aristotele,
879 2367 957 2426 uter
979 2356 1016 2424 in
1037 2352 1307 2451 philosophando

337 2479 534 2552 excelluerit
551 2479 678 2573 magis,
701 2501 770 2550 non
789 2477 1018 2548 dubitandum
1039 2477 1188 2548 videtur.
1235 2477 1310 2547 Pla-
1394 2447 1396 2528 {

337 2605 468 2674 tonicae
494 2599 729 2696 philosophiae
751 2599 795 2670 ad
815 2599 1031 2672 excitandum
1047 2601 1085 2670 in
1102 2599 1240 2671 homine
1258 2624 1309 2670 ve

336 2726 445 2795 ritatis
476 2723 682 2815 virtutisque
712 2745 860 2792 amorem
892 2723 942 2792 vis
975 2721 1143 2817 quaedam
1161 2719 1309 2792 inoredi·
1383 2711 1385 2721 ’

336 2845 415 2916 hilis
438 2857 472 2914 et
491 2843 562 2914 fere
579 2843 694 2915 divina
715 2844 863 2916 luit:·ad
881 2869 935 2916 res
957 2844 1207 2939 cognoscendas
1219 2857 1310 2916 recte

336 2967 376 3040 ac
399 2965 647 3062 dijudicandas,
671 2969 878 3064 omninoque
898 2967 942 3038 ad
964 2970 1141 3040 veritatem
1158 2969 1233 3040 suis
1249 2981 1310 3039 sta-

220 3169 221 3172 ,
275 3139 283 3149 -
336 3090 523 3162 hiliendam
542 3089 772 3160 firndamentis
797 3103 1004 3185 strenueque
1026 3102 1061 3160 et
1088 3089 1225 3162 fortiter
1233 3113 1310 3186 pro·

288 3279 289 3282 ,
336 3212 556 3309 pugnandam
575 3236 615 3283 ac
635 3211 896 3302 vindicandam,
915 3212 1045 3284 nullius
1066 3237 1219 3309 unquam
1241 3213 1311 3309 phr

337 3335 470 3430 losophi
485 3333 681 3428 disciplina,
700 3357 804 3430 quam
821 3332 1025 3425 Aristotelis,
1040 3335 1148 3406 valuit
1168 3337 1289 3431 magis.

387 3458 479 3528 Haec
503 3457 608 3549 igitur
627 3455 761 3550 singula
772 3457 970 3550 singulatim
980 3459 1118 3553 utrique
1127 3457 1311 3530 defuerunt
1398 3427 1399 3514 i

338 3577 552 3678 philosopho.
575 3579 704 3668 Quodsi
722 3579 828 3664 alter,
850 3591 890 3649 ut
912 3579 1072 3670 vidimus,
1089 3583 1126 3650 in
1146 3603 1188 3652 eo
1203 3582 1313 3652 excel-
1394 3538 1399 3624 l

337 3703 404 3774 luit
436 3701 602 3791 maxime,
628 3703 664 3770 in
687 3725 756 3796 quo
775 3702 919 3770 maxime
941 3701 1050 3772 ha'esit
1072 3702 1180 3795 alter,
1205 3707 1314 3776 oemi-

338 3849 415 3895 mus
437 3823 549 3894 animo
566 3837 699 3920 sponte,
720 3848 808 3920 quae
818 3827 863 3894 sit
875 3827 1054 3920 utriusque
1064 3823 1315 3925 philosophiae,

233 4026 235 4032 ,
338 3947 529 4018 Platonicae
547 3957 582 4016 et
591 3945 835 4036 Aristotelicae,
847 3959 939 4018 reete
949 3950 1207 4048 'conjungendae
1217 3955 1318 4024 ratio
