2824 5084
447 492 665 568 -roe—
809 467 816 488 '

81 710 259 783 quaeror
281 691 365 760 item
388 689 431 760 ad
454 691 604 763 Platonis
624 689 821 787 exemplum
839 695 976 768 inomni
986 723 1047 770 ar·-

17 857 21 866 -
82 811 170 884 tium
189 811 330 884 historia
346 815 581 886 auctoritatem
599 814 924 888 habuitmarimam.
947 819 1046 908 Quod
1076 851 1084 866 ·

77 947 197 1006 autern
215 935 468 1034 philosophiam
488 938 612 1010 attinet
633 941 862 1020 recentiorum
879 943 1046 1035 gentium,

76 1058 202 1149 abusi,
225 1058 355 1152 fateor,
378 1058 432 1132 his
460 1061 564 1132 etiam
585 1061 720 1158 placitis
742 1060 948 1136 sublimibus
972 1063 1047 1160 pbi-

75 1179 215 1277 losophi
242 1195 345 1273 sunt,
372 1195 412 1256 ut
437 1181 712 1280 philosophando
735 1184 779 1256 ad
809 1187 922 1260 nescio
943 1209 1047 1282 quern

75 1305 306 1376 idealismom
348 1308 589 1404 pervenirent,
625 1309 885 1405 pmbaruntque
921 1309 1047 1401 iidem,

76 1426 267 1522 perducere
284 1428 369 1502 illuc
388 1431 491 1502 etiam
510 1430 761 1529 philosophiam
772 1432 922 1506 Platonis
933 1455 1045 1528 possa.

75 1549 146 1620 Sed
177 1553 238 1648 qui
266 1565 431 1650 ceperunt
454 1565 546 1628 recte
565 1555 714 1628 Platonis
735 1556 779 1628 de
801 1555 887 1628 ideis
912 1568 1046 1630 senteu-

76 1673 172 1765 tiam,
192 1675 413 1748 coutulerunt
433 1675 472 1746 bi
489 1699 565 1747 earu
576 1679 731 1750 certatim
741 1677 786 1748 ad
795 1677 1045 1773 philosophiam

75 1821 157 1868 curn
180 1799 252 1868 reri
264 1851 276 1890 ,
305 1810 381 1870 tum
404 1799 441 1868 in
464 1799 583 1894 primis
605 1798 688 1870 boni
703 1800 859 1894 justique
881 1813 917 1871 et
937 1801 1045 1895 expli-

75 1919 220 1992 candam
252 1931 287 1992 et
314 1941 401 1994 ¹vero
423 1917 661 1992 fulciendam..
694 1919 795 2008 Quod
818 1931 933 1992 autem
954 1921 1044 2011 dixi,

75 2045 206 2138 spirare
227 2043 264 2114 in
281 2040 431 2116 Platonis
452 2042 606 2118 doctrina
626 2044 773 2141 purioris
793 2044 965 2138 religionis
976 2055 1045 2116 stu·

74 2163 197 2258 diurn,
221 2163 307 2236 nihil
330 2177 401 2258 est,
421 2165 516 2262 quod
535 2164 771 2261 philosophiae
791 2165 932 2238 historia
952 2189 1044 2238 com-

74 2288 200 2382 probet
217 2290 340 2383 magis.
361 2286 526 2360 Acerrimi
544 2290 673 2384 quique
690 2291 740 2360 rei
750 2287 958 2362 Christianae
968 2293 1044 2362 rin-

72 2409 168 2482 dices
197 2404 408 2505 aptantem
435 2431 510 2479 earn
533 2407 728 2481 habuerunt
750 2413 921 2506 religionis
943 2415 1043 2486 reris

71 2534 190 2604 simae.

120 2653 193 2726 Hos
214 2652 311 2745 Itali,
326 2653 398 2726 'hos
421 2652 585 2750 Europaei
608 2651 770 2750 deinceps
793 2653 914 2751 populi
933 2678 954 2726 e
971 2655 1042 2728 Pla·
1073 2691 1075 2696 ·

74 2778 162 2848 tonis
185 2776 402 2876 philosophid
420 2777 552 2852 fructus
578 2789 820 2874 perceperunt:
840 2779 1042 2874 unde,qua·

73 2899 115 2970 lis
144 2900 203 2976 illa
232 2903 355 2974 natura
387 2903 451 2992 sit,
476 2901 687 2996 assequimur
710 2898 821 2972 tacita.
870 2900 964 2974 ldem
986 2902 1040 2974 vel

72 3027 217 3096 maxime
260 3027 435 3123 superiore
469 3025 586 3122 patuit
620 3023 767 3098 saeculo.
823 3024 966 3096 Ineunte
994 3026 1041 3096 il-

73 3144 107 3218 lo
141 3172 210 3220 una
245 3170 308 3244 per
340 3147 555 3220 Germaniam
579 3144 819 3218 dominabatur
841 3144 1040 3220 scholastica

73 3267 189 3342 Wolfii
224 3269 414 3367 disciplina.
470 3270 516 3342 Ut
548 3292 629 3342 vero
659 3291 702 3340 ex
731 3268 785 3342 his
816 3270 979 3364 angustiis
1002 3293 1040 3342 se

72 3390 286 3489 philosophia
310 3392 506 3490 expediret,
532 3403 572 3462 ut
596 3392 632 3462 in
657 3391 734 3464 luce
757 3391 933 3464 hominum
958 3415 1038 3464 ver-

73 3527 225 3606 sarctur,
257 3527 298 3588 ut
321 3514 365 3588 ad
388 3527 477 3588 artes
501 3514 741 3610 doctrinasque
763 3526 857 3587 recte
880 3515 1039 3592 colendas

73 3637 313 3734 invalesceret,
347 3639 458 3712 effecit
481 3638 649 3712 industria
676 3639 713 3708 in
737 3639 855 3732 primis
878 3637 1034 3712 Mendela

74 3761 181 3854 sohni,
205 3761 381 3858 Lessingii,
404 3761 546 3854 Sulneri,
568 3762 695 3852 Garuii,
717 3759 849 3854 lacobi,
871 3760 1037 3836 Fullone

75 3885 241 3958 stenhusii.
292 3883 512 3958 Profecerunt
536 3895 650 3954 autern
674 3883 711 3956 hi
735 3885 883 3958 universi
907 3860 1039 3956 esdnte

75 4001 229 4082 Platonis.
280 4007 557 4084 Hemsterhusius
582 4007 667 4082 adeo
677 4007 851 4082 Platonem
863 4030 941 4095 curn
953 4004 1029 4100 phi-
