2824 5084
480 445 692 516 -2ttm

100 640 278 734 phantiurn
300 625 462 714 varietate
473 665 512 712 ec
523 641 730 712 dissensione
742 667 809 711 uon
822 642 938 734 posse‘l
958 624 1069 728 Addo,

98 762 316 853 humanitatis
351 787 445 854 esse,
462 853 467 866 s
482 787 570 861 quae
603 778 735 837 nostrae
757 767 794 850 iu
830 766 947 860 primis
969 769 1070 834 aetati

96 888 234 981 propria
254 897 330 976 est,
354 898 393 958 ut
414 885 653 966 dissentientes
676 887 823 960 feramus
845 887 954 958 facile.
987 887 1070 956 Nam

93 1007 191 1082 aliud
223 1021 274 1081 est
305 1032 386 1080 sane
418 1009 483 1104 hoc
514 1009 649 1082 saeculo
684 1023 822 1099 nostro,
845 1008 940 1088 aliud
959 1007 1071 1078 medio

1 1207 2 1216 ,
95 1155 189 1221 neve,
214 1131 479 1235 philosophandi
498 1133 676 1219 studium3
695 1135 866 1228 inquirere
889 1131 1071 1220 malumus,

1 1239 2 1280 l
96 1279 199 1348 quam
220 1278 390 1350 pugnare:
410 1279 547 1327 monere
568 1257 664 1346 alios,
687 1281 792 1352 quam
813 1255 978 1327 refutare:
997 1277 1073 1348 pro-

95 1377 191 1470 gredi
211 1391 406 1451 constanter
426 1379 470 1450 ed
488 1381 666 1452 veritatem
683 1404 723 1452 ac
741 1381 958 1475 sapientiam,
970 1401 1074 1472 quam
1121 1415 1125 1428 ·

95 1500 287 1594 argutando
311 1501 481 1574 nobismet
515 1503 596 1597 ipsis
629 1515 664 1572 et
698 1503 773 1574 aliis
803 1503 1074 1598 progressionem
1171 1541 1173 1546 ·

97 1622 275 1718 impedire.
303 1623 432 1712 Quodsi
467 1625 636 1722 exsistunt
664 1623 823 1714 subinde,
847 1626 907 1718 qui
930 1622 1076 1695 scholas·

97 1747 199 1818 ticam
236 1747 335 1818 nobis
378 1747 568 1841 argutando
610 1736 876 1842 altercandoque
919 1745 1077 1841 philoso-

96 1867 213 1962 phiam
231 1867 392 1960 referant,
414 1869 551 1964 placent
574 1869 625 1940 illi
649 1869 749 1960 forte,
774 1882 813 1940 nt
834 1868 913 1959 sibi,
933 1871 980 1938 ita
992 1893 1087 1963 pau-,

95 1992 145 2063 cis
179 1991 387 2084 quibusdam
430 1995 500 2064 sive
542 1993 719 2088 discipulis
752 1995 823 2065 sive
866 1991 1078 2079 fautoribus,

97 2116 238 2189 caeteris
262 2128 402 2186 manent
422 2119 541 2210 ignoti.
593 2117 742 2188 Omnino
761 2117 1000 2188 dissentientes
1012 2114 1082 2186 fer-

98 2259 136 2307 re
166 2235 286 2324 facile,
316 2240 351 2306 in
381 2241 569 2331 primisque
591 2241 636 2308 ab
659 2241 841 2330 omnibus,
865 2240 1081 2336 quibuscun-

97 2381 168 2452 que
201 2357 339 2426 tandem
374 2369 409 2425 et
434 2381 674 2451 quamcunque
701 2356 944 2452 profitentibus
967 2362 1081 2455 philo·
1183 2373 1186 2379 '
1304 2421 1307 2430 .
1410 2363 1411 2404 ἒ

98 2478 275 2576 sophiam,
310 2477 494 2575 proficere,
531 2478 597 2554 hoc
629 2481 796 2574 estquod
818 2482 969 2575 optimus
991 2484 1081 2575 quis-

99 2627 169 2698 que
215 2616 250 2674 et
285 2601 525 2674 celeberrimus
560 2615 676 2674 nostra
711 2614 822 2674 aetate
856 2602 1081 2699 philosophus

100 2737 236 2821 expetet
266 2727 422 2801 maxime.
470 2724 565 2814 Quae
587 2749 666 2797 cum
700 2727 747 2796 ita
776 2726 867 2816 sint,
899 2724 984 2820 quid
1015 2749 1082 2822 pa-

99 2871 175 2921 cem
205 2848 300 2922 illam
334 2847 640 2950 philosophorum,
674 2873 777 2942 qnam
805 2850 993 2936 somniant,
1022 2821 1081 2918 ex'-
1184 2855 1186 2860 '

99 2969 290 3066 optemus?

151 3093 392 3166 Veruntamen
415 3094 510 3166 aliud
529 3095 698 3190 longeque
718 3095 763 3166 eb
782 3093 842 3165 ille
866 3115 951 3189 pace
965 3093 1080 3164 diver-

100 3239 177 3288 sum
209 3215 299 3286 illud
332 3227 386 3288 est
398 3267 409 3306 ,
441 3215 536 3311 qnod
569 3239 630 3288 nos
663 3215 804 3310 quidem
822 3214 887 3288 hac
904 3229 1081 3310 praesente

101 3334 338 3435 philosophiae
381 3338 578 3410 conditione
612 3351 811 3434 exoptemus
846 3338 1081 3410 vehementer:

101 3481 317 3530 communem
343 3459 421 3532 dico
456 3460 762 3558 philosophorum,
792 3463 829 3531 in
849 3461 1080 3558 qualicunque
1212 3460 1214 3465 ’

102 3581 242 3656 tandem
260 3584 461 3678 opinionum
476 3583 777 3679 doctrinarumque
788 3584 1078 3674 dissimilitudine,

101 3705 148 3777 de
170 3705 346 3801 principiis,
376 3705 611 3802 philosophiae
635 3729 849 3778 consensum.
900 3707 939 3778 ld
964 3721 1080 3778 autem

103 3827 132 3897 si
157 3826 295 3922 quando
317 3826 561 3938 obtinebimus,
573 3830 760 3902 Socraticae
771 3828 991 3900 debuerimus
1003 3828 1079 3922 pbi-

104 3948 278 4045 losophiae
313 3950 440 4024 studio.
481 3951 746 4048 Philosophetur
767 3977 829 4048 pro
852 3977 915 4024 suo
934 3953 1080 4046 quisque

889 4073 934 4146 16
