2836 5080
707 462 872 532 ..4-

291 660 527 734 ›excolendum
548 661 741 753 ingenium,
762 658 806 728 ad
827 680 937 730 mores
957 655 1206 745 informandos,
1228 653 1272 724 ad

305 784 498 878 gravissima
531 780 749 878 provehenda
780 782 829 849 rei
862 780 1020 875 publicae
1051 791 1086 849 et
1121 779 1272 874 privatae

305 905 482 978 commoda
515 904 738 989 uberrimam3
769 903 883 996 ipsum
906 924 984 973 vero
1005 901 1197 1004 Socratem,
1219 922 1273 968 ve·

304 1031 454 1100 rissimae
489 1025 723 1124 philosophiae
759 1035 949 1113 auctorem,
985 1047 1054 1094 non
1089 1023 1271 1118 exploravi.

305 1152 509 1222 Dubitatum
539 1162 652 1220 autem
688 1149 779 1219 omni
804 1171 885 1218 aevo
909 1159 979 1238 est,
1005 1159 1040 1217 et
1063 1169 1144 1218 vcro
1166 1146 1273 1218 dubi-

305 1285 398 1346 tatur
431 1273 644 1361 etiamnunc,
667 1272 743 1366 qus
775 1270 834 1342 illc
858 1268 993 1360 indole,
1029 1293 1098 1364 quo
1120 1270 1273 1364 ingenia,

288 1397 432 1493 vquibus
457 1394 610 1465 moribus
635 1392 748 1480 fuerit.
776 1393 919 1486 Dignam
943 1393 1048 1486 igitur
1067 1391 1155 1462 hanc
1175 1415 1275 1486 quac-

306 1521 452 1592 stionem
469 1517 639 1618 judicavi,
665 1515 709 1585 de
731 1539 797 1610 qua
821 1515 901 1584 data
924 1517 1027 1610 opera
1050 1537 1197 1609 agerem,
1221 1513 1275 1583 his
1337 1531 1341 1552 ¹

306 1641 506 1738 praesertim
542 1639 753 1734 temporibus
761 1691 777 1729 .,
802 1639 941 1734 ,quibus
975 1640 1012 1708 in
1043 1640 1161 1734 primis
1184 1639 1276 1732 viget

308 1763 543 1860 Aristophanis
566 1763 730 1833 studium
782 1762 997 1857 Scripserunt
1019 1761 1063 1832 de
1085 1785 1126 1834 eo
1148 1783 1276 1856 nuper,

308 1891 387 1960 cum
418 1885 557 1958 Sodales
583 1887 689 1956 nostri
711 1883 911 1972 cultissimi,
945 1883 1062 1952 Gelius
1085 1895 1120 1952 et
1143 1881 1277 1977 Kinlse-

309 2035 386 2099 rus,
422 2022 498 2079 tum
522 2008 585 2076 viri
610 2008 646 2076 in
672 2007 798 2094 Gallia,
834 2006 869 2074 in
896 2002 1018 2099 Anglia
1043 2016 1077 2075 et
1101 2006 1278 2076 Germania

290 2129 532 2218 celeberrimi,
556 2127 715 2217 Cusinus,
734 2125 928 2216 Mitchelus,
946 2126 1160 2218 Welcherus,
1183 2129 1279 2198 Ran-

310 2253 401 2343 lsius,
423 2252 602 2346 Reisigius,
623 2249 844 2344 Schlegclius,
867 2250 1279 2342 Suvernus,Rotsoherus,

311 2389 386 2446 tum
408 2386 486 2444 ante
508 2373 583 2445 illos
600 2371 759 2462 Wolfius,
775 2371 982 2466 ³Biittigerus,
995 2373 1231 2472 hermannus(
1254 2372 1279 2471 ).

311 2497 464 2585 Quorum
486 2495 738 2568 lucubrationes
762 2506 802 2565 ut
822 2495 959 2590 proprie
974 2507 1170 2598 spectarunt
1182 2493 1301 2567 Aris-‘
1410 2559 1411 2608 p

312 2621 516 2717 tophanem,
552 2622 600 2690 ita
622 2644 692 2690 non
721 2619 887 2710 attingere
909 2643 978 2689 non
1004 2629 1191 2714 potuerunt
1215 2619 1281 2690 So-

313 2757 439 2816 cratem
463 2742 628 2832 subinde,
664 2739 951 2836 quemadmodum
982 2742 1018 2811 in
1046 2744 1164 2814 comici
1187 2741 1282 2814 fabu-

314 2869 355 2937 lis
380 2878 500 2937 exstat.
537 2865 605 2958 Ego
628 2866 665 2932 in
688 2863 881 2956 gravissimi
903 2866 1020 2936 caussa
1043 2889 1112 2935 non
1129 2864 1283 2959 judicem

350 3146 388 3216 Γ)
405 3149 429 3199 J.
446 3161 515 3213 am,
535 3145 671 3198 ondorsoels
688 3165 719 3198 osv
736 3150 886 3214 phantasia,
905 3165 930 3215 p.
946 3150 1006 3199 239.
1025 3151 1136 3216 Rima,
1152 3149 1213 3217 disp.
1227 3153 1285 3200 itera

315 3239 437 3290 ramoruld
461 3239 543 3304 lingna
564 3241 664 3306 scripta,
690 3239 793 3289 nondum
808 3239 890 3290 odila.
930 3241 1028 3306 Cannu,
1046 3257 1179 3294 mausona
1188 3243 1285 3309 fragos.

312 3335 448 3402 philoop.
469 3334 528 3381 160.
561 3331 770 3392 urrumnai.
787 3331 817 3382 ad
833 3332 956 3398 Anglicam
971 3334 1100 3382 versionem
1116 3333 1287 3400 Aristophanis.

317 3425 454 3484 wncxn,
472 3424 497 3471 in
514 3421 628 3472 animadv.
646 3421 675 3472 ad
692 3424 770 3472 Germ.
787 3421 890 3472 llubium
907 3424 1048 3489 versionem,
1065 3440 1090 3490 p.
1109 3425 1168 3474 roo.
1190 3427 1285 3486 Rasna,

319 3518 536 3568 Ooormontotv'ooss
561 3515 591 3564 do
616 3517 791 3582 Aristophanis
815 3513 869 3565 viso
886 3513 947 3581 apud
963 3527 1080 3564 mansan.
1100 3518 1125 3566 in
1143 3517 1206 3568 Edit.
1221 3518 1289 3568 alud

317 3609 391 3660 ama
426 3608 518 3670 horna,
535 3605 613 3656 Praei.
630 3605 815 3659 Edit..lluhiom
831 3605 992 3656 vul-xxm
1013 3609 1042 3657 A.
1058 3620 1150 3660 vavor
1163 3621 1287 3674 acnuam,

317 3700 435 3750 Dromot.
453 3701 629 3764 Vorlssangaa,
647 3701 668 3750 1.
685 3717 710 3766 p.
725 3701 786 3750 307.
802 3700 906 3762 desatv,
918 3699 1165 3770 ooeravsvtoptoosa
1178 3702 1287 3752 Wolters

308 3792 456 3856 'liorscusm
474 3793 651 3857 Aristophanes
668 3792 722 3840 aad
739 3793 794 3842 sein
813 3767 947 3842 Zaitolter.
983 3791 1010 3842 F.
1022 3795 1052 3843 Δ.
1070 3806 1149 3860 vvosv,
1165 3793 1243 3843 Praei.
1260 3793 1288 3843 ad

315 3899 377 3934 vars.
401 3885 479 3933 Germ.
500 3881 614 3934 llol'sium.
646 3883 799 3949 'hilarianum
823 3883 1003 3950 Aristophanes
1021 3887 1158 3952 impositus
1181 3881 1288 3936 Deovsms

316 3978 411 4028 hsisor.
448 3975 672 4044 llvvssvv,1²vssl.
691 3973 720 4026 sd
736 3973 813 4026 llubas
827 3975 1006 4028 mit-stt.
