2836 5080
733 421 918 495 ...ng-

337 629 406 700 vim
440 625 586 698 hominis
617 622 799 714 moralem,
823 635 899 693 tum
921 643 1000 692 vero
1021 619 1200 716 proprium
1222 619 1312 692 illud

337 753 477 843 Socrati,
498 749 593 846 quod
615 748 836 848 diximus„r⁸o
857 748 1067 844 deceperis,
1085 747 1314 818 verissimam·

337 899 405 971 que
426 871 619 972 ἒγκρωτεὶαν
640 871 807 944 retulisse.

383 996 649 1092 Discipulorum,
672 1019 757 1091 quos
777 1007 897 1067 nactus
908 988 1133 1088 philosophus
1144 1005 1209 1082 est,
1220 1010 1312 1084 mag-

335 1143 380 1190 na
413 1117 479 1190 fuit
501 1123 654 1191 varietas.
704 1118 812 1208 Nam,
837 1117 887 1188 uti
911 1116 1027 1187 Cicero
1049 1115 1311 1202 animadvertit,

336 1244 429 1341 qnod
455 1267 499 1312 aa
530 1243 635 1312 illius
667 1245 787 1312 variis
820 1251 855 1312 et
879 1241 1038 1311 diversis
1060 1242 1155 1310 etin
1175 1262 1312 1308 omnem

330 1375 478 1463 partem
504 1365 646 1460 dffnsis
669 1365 982 1460 disputationibus,
1007 1363 1104 1433 alins
1125 1361 1233 1440 alind,
1248 1385 1311 1455 ap·

329 1489 601 1584 prehenderat·
622 1491 891 1582 proseminatae
911 1495 995 1557 sant
1020 1488 1126 1582 qnasi
1134 1485 1312 1580 familiae

337 1612 584 1682 dissentientes
614 1613 713 1680 inter
742 1633 791 1698 se,
824 1617 861 1680 et
886 1608 1035 1678 maltum
1055 1607 1256 1700 disjunctae
1276 1615 1314 1677 et

337 1735 517 1829 dispares,
541 1758 618 1804 enm
643 1743 759 1824 tamen
783 1756 901 1802 omnes
922 1755 959 1800 se
975 1730 1216 1825 philosophas
1236 1726 1311 1798 So-

304 1854 312 1870 *
336 1859 492 1928 creticos
508 1863 544 1926 et
559 1855 635 1924 dici
654 1855 799 1942 retient,
812 1864 848 1923 et
867 1879 941 1924 esse
953 1849 1260 1948 arbitrarentur(
1284 1851 1314 1948 ).

334 1977 403 2050 Sed
440 1978 477 2047 in
507 1989 602 2046 tantu
623 1988 659 2046 et
680 1975 927 2070 discipulorum
949 1987 984 2046 et
1005 1988 1175 2048 sectarum
1196 1977 1314 2046 varic-

286 2167 291 2178 ,
335 2111 406 2170 tate
428 2098 517 2168 idem
541 2097 640 2168 nobis
663 2108 804 2192 apparet
826 2097 980 2168 studium
1002 2097 1137 2170 moralis
1159 2097 1313 2194 philoso-

336 2220 449 2319 phiae.
498 2221 738 2292 Dissenserunt
760 2220 805 2290 de
827 2224 901 2314 ejus
923 2221 1092 2317 principio
1115 2233 1150 2291 et
1172 2221 1313 2292 finibus:

337 2344 454 2440 Cynici
476 2345 645 2416 bonorum
667 2325 773 2414 finem
796 2349 979 2436 virtatem,
1004 2343 1177 2441 Cyrenaici
1191 2348 1312 2442 volup

337 2478 444 2540 tatem
479 2479 679 2563 posuerunt.
729 2468 796 2539 Sed
817 2469 980 2563 primum,
1004 2468 1098 2564 quod
1122 2468 1220 2540 Plato
1238 2465 1312 2565 jam

335 2591 481 2680 monuit,
515 2590 646 2661 bonum
668 2590 868 2685 spectabant
891 2591 1040 2686 utrique,
1064 2590 1314 2662 dissentiebant

335 2712 381 2784 de
413 2735 472 2801 eo,
506 2711 602 2805 quod
624 2712 661 2780 in
682 2711 784 2782 rebus
807 2711 906 2782 bonis
930 2737 1102 2783 summam
1124 2724 1210 2784 esset
1233 2711 1312 2810 (†).

335 2833 424 2903 Tum
445 2855 536 2922 vero,
559 2832 629 2902 sive
651 2856 824 2904 summum
845 2827 934 2905 illud
955 2833 1122 2905 haberent
1137 2839 1312 2908 virtatem

334 2954 406 3026 sive
439 2955 679 3050 voluptatem,
715 2958 935 3048 conjunctum
968 2955 1205 3050 intelligebant
1230 2981 1310 3030 cum

335 3063 525 3175 ἔγκρατεῖᾳ.
576 3075 676 3165 Quod
708 3099 729 3146 c
751 3077 954 3173 Cynicorum
976 3079 1127 3175 itemque
1149 3079 1310 3176 Cyrenai·

336 3223 454 3270 corum
477 3198 599 3294 agendi
621 3197 825 3294 vivendique
847 3201 977 3271 ratione
1000 3214 1107 3296 patet.
1133 3203 1218 3275 Nem
1242 3202 1309 3274 An·

336 3319 522 3411 tisthenes,
558 3321 745 3416 Diogenes,
769 3322 903 3413 Crates,
927 3323 1012 3418 quid
1034 3327 1140 3418 magis
1163 3327 1200 3396 in
1222 3352 1311 3423 pau-

336 3456 468 3538 pertate
490 3443 752 3535 contenderunt,
776 3470 879 3540 quam
902 3458 941 3516 nt
963 3447 1016 3517 sui
1039 3461 1152 3520 essent
1174 3473 1309 3546 compo

336 3578 409 3654 tes,
448 3566 513 3636 sibi
547 3567 772 3662 imperarent,
807 3591 877 3638 non
899 3567 1002 3640 rebus
1024 3593 1060 3640 se
1082 3570 1144 3642 sed
1166 3571 1233 3652 sibi
1254 3595 1313 3642 res

336 3689 543 3782 subjicerent
552 3685 571 3758 ‘t
620 3691 714 3780 Quae
746 3691 833 3762 ratio
866 3691 993 3786 pariter
1027 3705 1062 3762 et
1083 3691 1250 3790 Aristippi
1275 3707 1312 3765 et

369 3955 408 4025 (Ἴ
425 3960 465 4010 De
482 3959 551 4008 Orat,
568 3957 615 4009 111.
634 3959 676 4007 10.
745 3956 783 4025 (ᾧ)
800 3960 842 4010 De
859 3960 1059 4027 nap.v1.soo.
1076 3963 1104 4012 Β.
1121 3965 1150 4015 C.

1406 3813 1410 3964 t
