2824 5084
697 503 915 574 *196*-

315 704 496 776 Aristotele
515 704 665 774 dictum:
692 700 915 780 Aristoteles,
935 725 1033 770 ruore
1058 700 1297 772 Ottomanno-

315 855 417 917 reru,
442 851 600 923 regnare
623 851 660 910 se
685 825 784 895 haud
807 833 881 896 tuto
898 847 1005 918 posse
1021 827 1190 918 putavit,
1220 827 1295 894 uisi

304 955 456 1049 fratres
477 975 558 1022 suos
580 975 698 1021 omnes
715 944 1026 1043 contrucidasset(
1049 944 1075 1042 )

364 1072 431 1144 Sed
449 1072 515 1143 olio
538 1073 622 1142 item
643 1073 689 1142 in.
703 1070 843 1142 historia
868 1068 1117 1166 philosophiae,
1140 1069 1185 1139 ad
1205 1082 1297 1141 recte

313 1196 539 1290 judicandum
576 1193 621 1264 dc
649 1191 853 1283 Aristotele,¹
888 1205 1038 1263 mentem
1066 1179 1298 1264 traducamus.

319 1315 491 1390 Habemus
512 1317 642 1389 scilicet
663 1317 840 1405 instituta,
869 1339 958 1409 quae
982 1316 1065 1385 item
1088 1315 1188 1387 nobis
1207 1313 1300 1386 aris-

320 1441 455 1530 totelis,
488 1452 528 1510 ut
556 1438 750 1510 academiae
781 1449 916 1508 nostrae
948 1437 1099 1509 Platonis
1121 1439 1299 1532 ingenium

320 1564 489 1635 referunt:
511 1567 769 1634 universitates
788 1559 867 1631 dico
882 1573 1034 1650 nostras,
1053 1561 1193 1632 minime
1203 1585 1299 1651 sane,

321 1688 350 1755 si
376 1684 613 1785 Aristoteleam
640 1686 805 1756 rationem
836 1681 1075 1780 philosophiae
1095 1707 1300 1778 cognoscere

323 1821 430 1880 totam
453 1807 617 1897 velimus,
643 1805 874 1901 negligendas.

368 1931 416 2002 Ut
436 1931 568 2002 ortibus
589 1930 767 2025 literisque
785 1927 1043 2000 humanioribus
1067 1929 1297 2001 colendisaca-

319 2053 470 2144 demiae‚
501 2055 550 2123 ita
579 2052 764 2124 tractandis
787 2051 951 2124 doctrinis
975 2052 1218 2147 institutaein
1237 2052 1297 2124 Eu-

321 2199 403 2270 ropa
423 2176 659 2245 universitates
681 2186 772 2244 sunt.
798 2159 965 2242 Conditae
974 2177 1297 2266 Jammaturesunt,

314 2295 455 2386 eadem,
476 2319 544 2390 qua
554 2293 747 2365 rihelardus
765 2295 862 2384 vixit,
882 2305 1004 2385 aetate,
1017 2297 1119 2368 Saea.
1137 2296 1212 2387 llll,
1229 2297 1297 2392 pri·

324 2441 418 2490 mum
443 2419 480 2488 in
502 2417 599 2488 ltalia
621 2417 831 2489 Salernitana
850 2429 886 2488 et
905 2415 1144 2510 Bononiensis,
1168 2431 1243 2490 tum
1265 2419 1299 2488 in

247 2543 252 2548 ’
323 2542 461 2614 Francia
477 2541 646 2632 Parisino,
669 2525 815 2637 quarum
837 2539 916 2612 illae
935 2540 1122 2613 medicinae
1147 2553 1183 2612 et
1199 2544 1300 2637 juris·
1401 2563 1402 2598 t

324 2665 527 2761 prudentiae
545 2665 735 2736 destinatae
757 2663 958 2754 sunt‚·haec
980 2663 1184 2759 theologiam
1206 2689 1298 2759 spec-

325 2791 420 2858 tavit.
474 2771 710 2879 Nonsinguli
735 2785 863 2857 inillis
890 2786 1082 2859 docuerunt
1114 2787 1299 2859 celeberri-
1400 2789 1401 2796 ’

273 2919 276 2930 ’
324 2911 372 2980 mi
406 2909 535 3004 quique
565 2906 781 3004 philosophi3
807 2908 908 2979 alieni
940 2908 1153 2980 adeo-multi
1177 2910 1222 2980 ab
1247 2909 1299 2981 his
1398 2881 1399 2892 ἵ

326 3028 706 3119 muneribusluerunt,
730 3041 774 3101 ut
792 3028 900 3120 Bam,
924 3031 1110 3122 Gassendi,
1131 3032 1299 3122 Locltius,

327 3155 535 3241 Leibnitius3
564 3153 624 3225 sed
650 3152 820 3224 informati
834 3187 836 3203 r
849 3152 956 3226 ferme
984 3133 1101 3226 omnes
1121 3154 1176 3226 his
1201 3156 1301 3228 scho-
1399 3141 1400 3150 ἵ

327 3279 369 3349 lis
399 3289 505 3366 sunt,
530 3278 591 3372 qui
621 3274 776 3346 doctrina
794 3287 830 3346 et
849 3275 1042 3348 eruditione
1063 3278 1298 3371 eminuerrmt‚

326 3414 401 3472 tum
416 3384 418 3392 ‚
432 3400 566 3497 placitis
593 3420 711 3468 eorum
734 3399 948 3492 inventisque
968 3397 1245 3474 celebratissimis
1266 3415 1299 3473 et
1398 3373 1399 3402 ¹

326 3520 555 3615 dijudicandis
586 3528 628 3590 'et
658 3521 884 3616 propagandis
917 3519 1154 3594 universitates
1188 3526 1297 3597 inser-
1397 3573 1398 3582 1

326 3644 472 3714 vierunt.
494 3673 498 3714 ι
522 3642 610 3716 Tum
639 3644 742 3714 etiam
772 3665 813 3714 ex
839 3643 960 3715 iisdem
992 3645 1218 3740 prodierunt,
1240 3649 1298 3743 qui

328 3765 497 3838 doctrinas
538 3767 668 3864 quique
698 3789 776 3838 suas
809 3789 878 3838 nun
909 3767 1021 3839 solum
1053 3769 1295 3864 proveherent,
1396 3779 1397 3784 ’

356 4036 391 4105 (⁴¹)
409 4040 448 4088 De
466 4041 553 4104 Augur.
569 4039 662 4089 Sciant.
680 4039 727 4088 lll.
745 4041 772 4088 4.
804 4039 894 4118 Warb
911 4040 964 4091 Vol.
983 4041 1037 4092 vlt.
1059 4059 1084 4106 p.
1105 4043 1161 4092 101.
