2828 5098
454 475 671 547 -157-

426 778 708 850 nutsrotmm

333 975 554 1024 nocrrtlmlturt
578 973 802 1023 tnsrnunarou.

131 1163 209 1231 Erat
239 1161 343 1252 igitur
372 1157 593 1248 Aristotcles,
618 1160 647 1233 si
670 1159 746 1252 quis
769 1153 1050 1252 philosophorum

82 1283 189 1374 alius,
213 1295 248 1352 et
271 1283 406 1374 ingenio
425 1294 459 1351 et
482 1281 672 1376 disciplina,
692 1277 780 1350 adde
802 1289 837 1348 et
857 1290 1051 1372 temporum

83 1405 354 1500 opportunitate,
399 1404 443 1474 ad
486 1403 721 1475 instaurandas
761 1400 1052 1498 perficiendasque

83 1527 235 1623 physicas
257 1527 449 1616 doctrinas,
472 1528 678 1622 aptissimus.
711 1524 976 1620 Disquirendum
995 1521 1051 1594 hic

83 1663 195 1720 autem
226 1650 324 1721 nohis
355 1662 425 1738 est,
462 1647 751 1744 quemadmodum
779 1647 816 1716 id
837 1646 1049 1718 factitaverit.

83 1772 164 1843 Nam
200 1772 340 1842 aderant
374 1772 547 1842 doctrinae
583 1771 689 1864 ipsius
727 1781 855 1839 aetate:
880 1769 1051 1864 physicis,

53 1959 58 1977 ,
84 1895 306 1983 mechanicis,
330 1895 580 1983 astronomicis,
593 1893 787 1981 *botanicis,
811 1889 1054 1984 geographicis,
1159 1965 1161 1971 .

84 2017 242 2107 medicis,
268 2017 436 2112 politicis,
457 2017 661 2105 moralibus,
691 2014 878 2103 historicis,
898 2014 1056 2106 antiqua-

83 2139 164 2229 riis,
193 2139 298 2210 nullis
330 2140 435 2210 ferme
465 2164 534 2211 non
562 2139 726 2211 doctrinis
748 2138 952 2209 studuerant
974 2147 1055 2206 ante

82 2282 159 2330 eum
193 2262 315 2350 Ionici,
349 2263 571 2357 Pythagorei,
609 2264 678 2334 imo
709 2285 790 2333 vero
822 2263 887 2357 ipsi
907 2259 993 2332 adeo
1015 2260 1051 2328 in

81 2379 221 2452 Oriente
243 2383 424 2476 sapientes.
460 2383 553 2469 Quid
572 2385 676 2475 igitur
698 2385 835 2453 molitus
856 2385 893 2452 in
914 2383 967 2453 his
988 2395 1052 2471 est,

80 2502 169 2606 quid
199 2501 344 2598 perfecit
376 2501 602 2574 Aristoteles?
659 2503 752 2574 Idem
784 2504 932 2592 scilicet,
961 2504 1055 2598 quod

81 2625 271 2722 perfecerat
305 2626 424 2722 paullo
456 2603 555 2716 ante,
587 2627 711 2696 artium
732 2625 1056 2732 disciplinarumque

82 2751 345 2840 instauratione,
379 2750 487 2822 Plato.
538 2751 649 2844 Hujus
688 2751 770 2820 item
807 2761 916 2820 aetate
938 2747 1057 2818 adfue-

82 2885 160 2943 rant
193 2885 303 2962 artes,
339 2873 499 2962 musica,
518 2873 648 2967 polisis,
674 2873 869 2968 sculptura,
892 2872 1055 2944 architec-

82 2992 180 3086 tura,
211 2994 390 3067 adfuerant
423 2995 623 3090 disciplinae
654 2995 755 3084 item,
788 3019 851 3080 nec
878 2993 1056 3064 defuerant

83 3118 204 3209 adeo,¹
227 3119 287 3213 qui
320 3116 571 3207 arithmeticae,
602 3119 826 3210 geometriae,
859 3116 1057 3212 disputandi
1083 3203 1085 3210 Ι
1160 3113 1161 3122 ’

83 3243 187 3312 ctiam
220 3241 284 3310 arti
318 3241 439 3312 eximie
471 3253 650 3311 navassent
685 3263 843 3336 operam,
873 3239 934 3310 sed
962 3239 1057 3314 Plato

85 3387 165 3434 cum
199 3374 287 3432 artes
321 3373 396 3432 turn
428 3362 624 3458 disciplinas
658 3365 903 3452 instauravit,
926 3361 1056 3456 idest,

84 3486 179 3558 hunc
212 3488 248 3556 in
280 3485 422 3558 modum
443 3487 626 3577 instnrxit,
649 3498 689 3556 ut
709 3488 771 3556 sud
793 3485 945 3580 singulae
967 3488 1057 3584 opti-

86 3612 213 3706 maque
241 3609 372 3680 ratione
403 3609 605 3680 colerentur.
666 3607 827 3679 Similiter
859 3587 1057 3682 Aristoteles

88 3736 339 3806 doctrinarum
361 3731 428 3802 fuit
450 3740 689 3804 instaurator.
715 3730 819 3827 Apud
840 3735 968 3828 priscos
979 3733 1058 3828 phi-
1141 3789 1143 3806 .

88 3855 266 3953 losophos,
299 3854 392 3950 apud
423 3857 536 3951 ipsum
567 3855 652 3927 adeo
673 3855 865 3946 Platonem,
887 3853 1058 3927 communi
1186 3921 1188 3923 ,
1265 3860 1268 3871 “

89 3975 153 4046 hae
175 3977 435 4050 continebantur
456 3976 689 4072 philosophiae
709 3978 854 4048 nornine.
880 3975 947 4046 Sed
968 3971 1059 4045 hris-
