2824 5084
586 555 589 560 Ι
689 452 910 524 -mo-

325 651 572 740 Aristoteliam,
583 651 736 744 quamvis
751 649 921 722 masculae
932 661 968 720 et
980 647 1143 720 latissime
1153 653 1301 744 patenti,

326 772 419 870 quod
442 797 483 842 ex
504 772 694 846 Platonicae
712 770 948 868 philosophiae
959 770 1054 844 lonte
1064 771 1298 867 suppleamus.
1394 818 1397 833 ·

324 895 392 968 Sed
412 895 517 968 habet
537 895 641 966 etiam
663 893 875 985 Ai·istoteles,
894 895 989 990 quod
1007 894 1254 985 desideremus,
1269 898 1296 966 si
1396 897 1397 944 ³

326 1045 434 1092 unum
453 1020 549 1116 sequi
569 1018 746 1092 Platonem
767 1018 922 1090 velimus.
1218 1013 1221 1018 ’

373 1145 432 1214 Uti
452 1165 573 1236 magna
589 1141 885 1214 estAristotelicae
905 1140 1142 1237 philosophiae
1151 1140 1300 1234 dignitas

203 1295 204 1304 ¹
325 1281 430 1363 atque
451 1267 634 1338 auctoritas
645 1317 656 1356 ,
676 1267 725 1336 ita
746 1267 830 1336 mira
849 1275 901 1336 est
918 1263 1111 1334 Platonicae
1121 1254 1300 1334 modestia.
1396 1301 1397 1320 κ

326 1387 539 1460 Ordiendum
550 1387 634 1460 haee
647 1388 745 1460 nobis
767 1387 1300 1484 praecipitaSocraticoiHo,nos
1396 1363 1397 1376 ἶ

325 1511 464 1607 quidem
494 1509 539 1582 de
566 1509 669 1582 rebus
690 1509 759 1580 illis
778 1513 907 1604 magnis
929 1523 964 1580 et
985 1521 1125 1604 captum
1144 1522 1298 1581 nostrum
1396 1565 1397 1604 Υ

325 1633 570 1708 excedentibus
600 1632 817 1720 nihilscire3
840 1632 901 1704 sed
922 1630 1070 1722 eosdem,
1094 1657 1164 1728 quo
1187 1633 1298 1703 minus
1396 1615 1397 1666 ³

325 1783 385 1832 nos
418 1759 505 1830 scire
530 1767 711 1854 putemus,
734 1778 775 1829 oo
797 1760 940 1858 majoies
963 1755 1078 1828 facere
1093 1753 1138 1824 ad
1157 1779 1298 1850 cognos-
1396 1799 1397 1824 i

325 1881 433 1954 cende
460 1880 571 1952 omnia
601 1901 798 1974 progressus
830 1901 958 1975 posse:
984 1879 1033 1950 sic
1067 1881 1159 1949 enim
1185 1877 1296 1950 studio
1396 1955 1397 1992 ἢ

325 2029 386 2080 nos
405 2002 541 2078 incendi
558 2001 779 2098 perquirendi
789 2000 1095 2097 cognoscendique,
1108 2000 1215 2096 quod,
1226 2025 1296 2072 om·

325 2129 427 2198 nibus
456 2125 621 2218 cognitis,
645 2123 786 2194 nullum'
813 2137 876 2194 est.
927 2124 1019 2200 Hinc
1045 2125 1149 2198 ducto
1170 2126 1295 2217 initio,

324 2245 538 2346 philosophia
566 2244 717 2316 Platonis
740 2244 786 2316 ad
805 2245 955 2318 divinam
974 2245 1222 2344 assequendam
1243 2273 1294 2318 na·

323 2385 436 2442 turem
467 2367 600 2440 tendit:
626 2392 696 2443 non
719 2369 905 2462 vero-illuc
932 2373 1094 2444 continuo
1106 2425 1117 2463 ,
1154 2377 1225 2444 non
1245 2396 1298 2442 ra-

324 2491 518 2566 tiocinando
557 2481 866 2588 connectendisque
908 2493 1111 2590 syllogismis
1156 2495 1297 2568 acoedit.

323 2619 476 2690 Primum
504 2639 565 2686 nos
587 2615 690 2710 jubet
722 2628 855 2688 nosmet
889 2617 980 2712 ipsos
1010 2641 1234 2712 cognoscere,
1259 2630 1298 2688 ut

201 2729 203 2741 '
323 2745 440 2812 innata
463 2737 592 2809 homini
612 2735 728 2808 studia
748 2748 824 2808 tum
845 2738 971 2834 pulcri,
994 2739 1089 2831 honi,
1103 2741 1200 2835 justi,
1220 2752 1299 2810 tum

325 2861 470 2932 maxime
492 2861 600 2932 sancti
631 2859 806 2955 divinique
828 2885 1066 2959 assequamur:
1098 2863 1225 2959 quihus
1246 2887 1299 2934 ex-

324 2985 466 3082 ploratis
500 2983 660 3072 interius,
689 2983 782 3056 cccc!
810 3007 873 3079 per
900 2998 990 3058 artes
1019 3009 1080 3058 nos
1112 2988 1299 3081 ingenuas,
1395 3028 1396 3032 =

324 3111 563 3204 gravioresque
607 3103 824 3200 disciplinas,
870 3107 975 3199 illuc,
1020 3132 1091 3204 quo
1126 3097 1300 3180 tendimus

325 3243 460 3326 sponte,
480 3229 525 3301 ad
547 3221 726 3324 pulcrum,
746 3228 790 3300 ad
812 3229 954 3321 bonum,
976 3229 1020 3300 ad
1030 3233 1221 3324 veritatem,
1230 3237 1302 3328 jus

325 3353 450 3446 titiam,
472 3351 685 3448 sapientiam,
702 3351 909 3446 tandemque
929 3352 975 3424 ad
994 3355 1104 3425 omnis
1126 3356 1300 3446 veritatis,

325 3477 434 3546 omnis
459 3474 615 3570 justitiae
648 3475 900 3570 sapientiaeque
932 3475 1123 3571 exemplar,
1151 3476 1304 3548 divinam
1400 3463 1401 3466 ¹

325 3609 482 3668 naturam
495 3649 506 3687 ,
521 3595 673 3668 adducit.
704 3608 707 3613 '
723 3596 863 3692 Elegans
888 3596 1041 3692 prolecto
1057 3598 1142 3670 haec
1155 3599 1301 3694 philoso-

325 3727 407 3825 phia
427 3738 500 3815 est,
525 3727 594 3796 imo
605 3726 868 3816 unaverissima‚
884 3749 951 3797 una
962 3728 1108 3798 maxime
1124 3726 1303 3801 hominum

327 3839 442 3948 geiieri
462 3850 669 3940 necessaria,
689 3861 783 3919 utet
804 3859 930 3920 rectam
956 3839 1119 3921 continuo
1131 3851 1306 3944 ingredia-

88 4032 90 4041 ,
187 4019 195 4042 1
326 3989 387 4049 tur'
402 3976 537 4074 virtutis
556 3975 762 4068 omninoque
785 3973 1003 4068 perfectionis
1015 3975 1123 4065 viam,
1136 3986 1185 4064 et,
1197 3975 1306 4048 semel
