2824 5084
710 441 929 514 „224-

335 647 612 718 coistimaudum
628 643 819 714 videatur:
840 639 1012 732 deniqne,
1033 640 1132 730 eujus
1153 637 1202 704 rei
1221 657 1302 705 nos-

338 784 391 840 tra
412 768 628 864 potissimum
648 765 702 836 his
725 761 936 860 temporibus
958 761 1120 841 interest,
1144 759 1301 856 quemad·

221 895 228 912 '
335 893 475 964 modum
495 892 545 961 od
559 899 654 962 recte
670 885 1003 986 philosophandum
1024 885 1190 954 eclectioo
1203 881 1300 950 adlei-

255 1067 260 1076 ·
338 1017 450 1087 lenda
468 1001 651 1087 rnethcdas
671 1017 733 1084 sit.
789 1007 950 1084 Creticus
969 1009 1085 1080 vocavi
1095 1004 1303 1101 quaestiones

338 1139 449 1210 hasce.
499 1137 584 1244 Nam
603 1135 828 1224 habebimus,
848 1135 885 1203 in
904 1131 957 1205 his
975 1127 1206 1227 explicandis,
1230 1131 1306 1198 eri·
1363 1217 1366 1228 ¹

339 1265 474 1335 ticiani
491 1261 648 1350 maxime,
667 1260 738 1330 sive
758 1259 932 1344 criticae,
956 1275 1042 1346 quae
1065 1249 1305 1345 philosophum

312 1393 315 1400 “
337 1385 460 1475 decet,
485 1383 644 1455 methodi
664 1380 841 1474 rationem.

642 1645 688 1656 ..
807 1649 869 1716 1.··

354 1823 451 1920 Quid
472 1848 617 1895 caussae
639 1824 755 1916 fuisse
785 1819 953 1905 videtur,
975 1825 1016 1886 ut
1037 1791 1196 1885 colestici
1204 1818 1291 1914 stara

402 1939 621 2046 philosophi
649 1946 690 2014 io
712 1943 986 2042 syncretisrnum
1005 1937 1104 2034 lapsi
1129 1935 1233 2009 sint?

384 2142 610 2236 Syncretismo
630 2160 711 2228 sane
731 2134 818 2206 nihil
839 2145 891 2204 est
912 2133 1117 2228 perversius,
1134 2130 1306 2224 nibilger*

254 2352 257 2358 ,
335 2283 454 2333 manae
471 2257 706 2356 philosophiae
728 2256 962 2354 perniciosius.
987 2255 1084 2346 Nam,
1098 2267 1138 2326 ut
1155 2253 1303 2324 eclectiei

335 2409 376 2457 ex
394 2385 531 2482 optimis
556 2381 752 2479 quibusque
771 2380 1052 2476 philosophorum
1069 2379 1234 2450 doctrinis
1245 2403 1307 2474 op-

335 2511 424 2581 tima
440 2529 595 2604 quaeque
615 2503 794 2594 delibant,
819 2503 967 2602 indeque
987 2501 1031 2572 ad
1052 2505 1145 2586 recte
1156 2499 1309 2596 philoso-

335 2630 513 2728 phandum
544 2625 748 2722 proficiunt,
781 2626 829 2694 ita
845 2624 1078 2722 ‘syncmtistae
1100 2623 1306 2694 contrarium

336 2766 458 2847 agunt:
475 2751 694 2823 commiscent
705 2748 874 2820 doctrinas
885 2745 1178 2843 philosophorum,
1188 2769 1307 2841 quam·

336 2877 386 2946 vis
410 2874 510 2944 ‘totas
544 2883 580 2943 et
602 2871 646 2942 ab
664 2872 747 2967 ipsis
769 2871 848 2942 inde
873 2872 1052 2968 principiis
1069 2897 1089 2941 a
1109 2872 1308 2942 seinvicem

335 2993 568 3068 abhorrentes.
619 2994 698 3083 Quo
718 2995 782 3085 lit,
804 3007 866 3085 ut,
889 2992 1309 3090 confusisobscuratisque

334 3120 513 3210 omnibus,
537 3119 655 3190 lumen
676 3118 888 3190 desideretur
909 3118 1155 3216 philosophiae.
1193 3118 1309 3190 Patuit

334 3220 445 3333 illud,
469 3243 521 3314 uti
537 3240 652 3312 dicere
675 3242 820 3333 institui,
838 3243 878 3312 ea'
897 3241 1041 3314 maxime
1055 3240 1150 3336 apud
1162 3240 1307 3313 Graecos

338 3377 467 3456 aetate,
493 3389 562 3460 qua
580 3361 715 3434 dudum
728 3368 802 3458 jam
822 3365 860 3433 in
880 3363 991 3436 lucem
1014 3364 1213 3460 prodierant
1230 3365 1308 3461 phi·

334 3487 491 3582 losophi,
510 3487 569 3582 qui
591 3487 742 3559 novitate
763 3511 832 3558 non
854 3487 987 3578 minus,
1010 3513 1115 3582 quam
1138 3488 1308 3560 excellen-

333 3609 381 3680 tia
405 3607 580 3698 doctrinae
598 3608 857 3695 inclaruissent3
879 3621 1073 3706 praesentes
1095 3621 1212 3681 antem
1230 3610 1307 3706 phi-

334 3731 504 3830 losophari
527 3732 571 3803 ad
593 3733 731 3804 illorum
741 3731 937 3828 exemplum
948 3733 1160 3806 nitebantur.
1181 3735 1309 3834 Quam·
1392 3791 1393 3800 ,

334 3857 451 3928 obrem
489 3853 663 3927 delectum
694 3857 731 3928 hi
759 3857 1125 3953 praestantissimorum
1156 3845 1311 3954 philoso-

336 3979 484 4074 phorum
499 3977 696 4086 habehant,
720 3991 771 4068 ut,
795 3980 924 4074 optima
941 4005 1097 4075 quaeque
1117 4003 1158 4052 ex
1169 3981 1311 4076 optimis
1392 4061 1393 4064 Ἴ
