2836 5080
530 502 723 572 *53*

134 726 154 768 a
176 699 461 796 philosophorum
484 701 772 792 cavillationibus,
796 700 890 771 Plato
911 695 1110 772 admerui-

134 823 168 915 gi
202 823 444 918 superstitione
475 824 667 896 vindicavit.
719 824 821 913 Quod
843 835 957 894 autem
978 830 1108 918 postre-

132 969 231 1016 mum
255 947 456 1036 memoravi,
478 949 628 1019 veritatis
645 949 867 1042 justitiaeque
889 945 1109 1016 vindicandae

131 1068 309 1159 ardorem,
332 1092 506 1140 exsecrare
526 1071 658 1142 solebat
680 1071 852 1158 Socrates,
880 1070 940 1163 qui
962 1070 1108 1163 primunr

132 1191 219 1262 haec
242 1193 362 1262 natura
387 1191 613 1284 cohaerentia,
638 1193 821 1264 utilitatem
838 1203 873 1262 et
885 1191 1108 1275 honestatem,

129 1314 295 1408 opinione
314 1313 546 1387 distraxissent
570 1315 633 1413 (ἢ.
665 1315 856 1412 Xenophon
879 1338 959 1387 vero
981 1327 1016 1384 et
1039 1314 1108 1384 Pla·

131 1449 167 1506 to
203 1435 289 1530 quid
324 1435 598 1533 philosophando
631 1437 881 1533 scribendoque
904 1438 1011 1531 magis
1034 1461 1109 1508 con-

131 1559 349 1653 stantiusque
382 1571 600 1654 spectarunt,
623 1584 746 1654 quam,
769 1572 809 1630 ut
832 1585 852 1630 a
874 1559 1109 1656 Sophistarum

132 1682 263 1752 artibus
305 1684 515 1777 argutiisque
553 1684 708 1776 justitiae
750 1705 901 1754 caussam
944 1681 1109 1752 defende-

131 1799 236 1874 rent?
287 1803 464 1876 Petiliam
499 1803 583 1874 adeo
618 1803 732 1890 Plato,
767 1827 853 1897 opus
888 1803 1109 1897 palmarium,

130 1929 198 2000 hoe
221 1930 356 2024 scripsit
379 1929 537 2020 consilio,
561 1941 601 2000 ut
625 1927 756 1998 nullam
779 1949 853 1997 esse
870 1927 1030 2021 probaret
1041 1929 1111 1997 sivo

129 2051 277 2122 hominis
311 2053 381 2123 sive
414 2053 559 2124 civitatis
588 2049 807 2139 felicitatem,
831 2050 901 2120 nisi·
921 2072 1009 2144 quae
1033 2073 1110 2120 curn

129 2175 259 2245 virtute
291 2187 325 2246 et
353 2177 493 2270 justitia.
521 2186 609 2246 esset
644 2178 846 2269 conjuncta:
875 2174 960 2267 quin
986 2173 1108 2260 etiam,

129 2296 266 2370 efficere
291 2299 482 2393 justitiam,
518 2299 643 2392 utqui
672 2299 880 2368 miserrimus
904 2319 978 2366 esse
999 2295 1110 2366 homi-

130 2445 220 2491 num
240 2418 438 2506 videretur,
461 2431 550 2488 esset
572 2441 687 2488 revera
709 2419 801 2488 felix.
850 2419 1010 2506 Quissst
1032 2429 1109 2488 tan-

131 2542 252 2628 dem,=
270 2539 335 2632 qui·
364 2538 453 2610 hanc
477 2562 612 2609 omnem
636 2539 885 2634 contemplatus
907 2541 1019 2610 animo
1041 2539 1104 2609 Xe-

131 2661 318 2757 nophontis
348 2661 475 2756 pariter
496 2684 535 2732 ac
557 2661 706 2732 Platonis
729 2661 938 2750 doctrinam,
962 2683 1032 2730 non
1053 2683 1107 2753 ag-

131 2796 249 2857 noscat
280 2785 316 2854 in
347 2784 502 2873 Socrate,
536 2785 709 2856 commrmi
741 2784 920 2877 utriusque
951 2781 1107 2868 doctore,

133 2931 212 2980 omn
243 2907 354 3003 pulcri
386 2909 590 3002 venustique
618 2931 757 2978 sensum
788 2907 1008 2996 acerrimum,
1031 2918 1106 2976 tum

132 3053 250 3126 parem
292 3030 443 3102 veritatis
476 3031 682 3124 virtutisque
715 3053 884 3118 amorem,
917 3041 993 3100 tum
1027 3051 1106 3098 vero

131 3155 301 3242 animum,
330 3175 445 3224 rerum
467 3151 648 3222 humilium
670 3165 705 3224 et
728 3151 898 3224 fluxarum
918 3127 1105 3220 contemto·

50 3291 52 3299 *
132 3298 225 3364 rem,
251 3273 451 3346 sublimium
470 3273 731 3368 divinarumque
750 3265 1013 3342 admiratorem?
1036 3270 1105 3342 Nec

133 3420 213 3468 vero
233 3397 318 3470 haec
339 3397 440 3468 ambo
460 3409 623 3490 tanquam
643 3419 705 3466 sna
724 3393 949 3490 prodiderunt
966 3393 1103 3489 placita,

132 3519 258 3614 quibus
294 3520 424 3592 scilicet
456 3518 612 3590 efferrent
645 3541 742 3607 sese,
776 3518 873 3613 quasi
907 3529 1103 3612 superantes

131 3643 330 3737 magistrum
341 3671 354 3730 3·
369 3643 564 3714 tribuerunt
585 3641 644 3712 illa
666 3641 805 3712 Socrati.
832 3641 1001 3712 Socratem
1019 3640 1103 3710 adeo

121 3760 321 3858 ,Xenophon
354 3764 390 3832 in
420 3762 734 3852 ltlerrooatttttus,
770 3763 805 3832 in
829 3765 985 3859 dialogis
1007 3761 1103 3832 Plato

162 4032 496 4104 fflmmwma
