2828 5098
467 489 675 562 -133..

89 698 187 774 recte,
212 699 286 756 tmn
312 687 553 779 exercendam,
572 688 662 756 riam
680 685 779 756 nohis
791 689 933 782 praeivit
947 691 1055 778 Plato,

89 820 124 878 ut
150 807 256 902 hujus
274 786 358 880 adeo
376 785 494 880 haberi
516 811 670 883 conditor
687 809 822 881 debeat.
854 811 984 880 Namin
995 837 1051 884 eo·

87 930 164 1001 dem
180 929 255 1020 illc,
273 931 366 1025 quod
385 931 544 1024 diximus,
556 934 722 1029 palmario
733 931 929 1028 philosophi
940 957 1053 1028 opere,

87 1054 239 1146 quamvis
260 1054 430 1126 civitatem
461 1055 597 1126 finxerit
616 1081 637 1126 a
659 1055 811 1126 moribus
832 1057 956 1126 nostris
979 1056 1058 1126 alie-

87 1199 166 1244 nam
187 1175 311 1270 plane,
332 1187 445 1246 tamen
465 1177 502 1246 id
520 1189 720 1273 persecutus
740 1178 874 1248 summa
887 1177 1056 1248 industria

88 1310 137 1369 est
166 1310 201 1368 et
235 1297 377 1393 perfecit
410 1299 498 1390 fere,
532 1301 626 1397 quod
653 1301 812 1372 omnihus
842 1302 1059 1390 civitatibus,

89 1423 197 1515 regnis
228 1423 386 1494 omnihus
403 1424 439 1492 in
461 1425 579 1518 primis
599 1425 757 1498 convenit
774 1437 810 1494 et
832 1426 1059 1496 necessarium

90 1557 141 1615 est
171 1545 294 1640 plane,
326 1545 453 1616 civium
472 1546 711 1619 educationem
741 1558 776 1616 et
798 1547 1058 1618 institutionem.

92 1667 235 1740 Profecit
255 1669 291 1738 in
313 1667 366 1738 his
388 1668 510 1740 studiis
534 1693 554 1738 a
575 1671 712 1740 Socrate
736 1693 839 1762 quarn
861 1670 1061 1764 plurimum,

93 1791 241 1860 multum
261 1791 357 1878 item,
382 1803 421 1860 ut
444 1791 593 1880 ridetur,
616 1815 636 1858 a
658 1789 886 1887 Pythagoreis.
934 1793 1063 1880 Quodsi

94 1912 251 2005 legimus,
272 1912 422 2007 quaeda
443 1914 572 1984 musica
593 1912 664 1982 illic
684 1924 719 1982 et
731 1912 937 2006 gymnastico
952 1912 1065 2007 deque

95 2035 273 2129 utriusque
294 2033 493 2130 disciplinae
512 2037 546 2105 vi
564 2035 608 2106 ad
625 2046 718 2106 recte
730 2033 924 2106 educandos
933 2033 1065 2105 adoles-

96 2170 208 2228 centes
228 2153 395 2252 prodidit,
414 2161 443 2230 si
463 2160 713 2230 iustitutionem
730 2156 951 2248 attendimus,
962 2181 1066 2252 quam

96 2279 315 2351 informandis
344 2304 410 2374 per
429 2280 625 2374 disciplinas
642 2281 809 2372 graviores
837 2281 981 2352 civitatis
992 2304 1068 2352 rec·

94 2402 228 2472 toribus
244 2401 481 2494 praescripsit,
500 2401 594 2469 haud
610 2400 844 2470 dubitabimus
864 2425 963 2491 saue,
983 2405 1069 2497 quin

93 2524 172 2618 ipse
205 2519 309 2590 fuerit
341 2520 537 2590 verissimae
558 2532 593 2588 et
615 2519 825 2590 educationis
847 2533 882 2590 et
903 2523 1068 2594 instituti-

97 2645 195 2732 onis,
229 2643 301 2712 sine
333 2667 401 2736 qua
421 2643 533 2735 vigere
555 2642 672 2712 civitas
694 2639 911 2712 nullomodo
934 2655 1071 2737 potest,

99 2777 218 2836 auctor
247 2777 282 2834 et
315 2764 481 2836 conditor.
539 2763 631 2852 Quid
660 2762 772 2836 dicam
802 2763 846 2834 de
874 2763 989 2837 formis
1018 2769 1072 2839 ci-

101 2889 268 2977 vitatum,
303 2887 348 2956 de
374 2887 601 2976 aristocratia,
637 2887 843 2976 timocratia,
869 2887 1072 2982 oligarchia,

103 3011 329 3100 democratia,
355 3010 553 3106 tyrannide,
585 3033 662 3080 cum
683 3009 787 3104 ipsis,
809 3021 885 3080 tum
905 3013 1074 3104 quemad·-

105 3134 249 3207 modum
270 3121 452 3206 succedere
469 3135 505 3203 in
520 3133 713 3204 civitatibus
736 3129 874 3204 solent?
907 3133 1076 3229 Sicexpo-

106 3259 178 3328 suit
200 3255 284 3328 haec
306 3257 342 3326 iu
364 3256 482 3326 eadem
505 3254 648 3358 Potitia
667 3253 785 3344 Plato,
818 3265 857 3324 ut
878 3253 959 3326 hinc
980 3281 1078 3351 prae-

108 3381 227 3450 sertim
242 3379 358 3450 Cicero
370 3378 525 3472 palmarii
545 3377 654 3472 operis
670 3377 722 3446 sui
734 3377 779 3446 de
790 3376 977 3472 Republica
988 3382 1079 3474 prin·
1119 3415 1123 3424 ·

109 3501 201 3597 cipia
223 3501 381 3587 duceret,
401 3500 529 3594 posteri
550 3510 685 3586 autem,
710 3499 906 3594 quicunque
927 3487 1079 3594 fuerunt',

112 3624 194 3694 inde
220 3623 435 3718 perceperint
463 3622 625 3711 maxime,
645 3643 732 3715 quae
752 3623 923 3694 naturales
945 3625 1014 3696 sint
1032 3628 1080 3698 ci-

112 3749 258 3816 vitatum
289 3745 552 3816 conversiones„
584 3743 652 3814 Sed
684 3742 826 3814 Portus
849 3743 945 3818 Plato
970 3773 1079 3819 mora-

94 3872 189 3976 ¹lem
213 3870 351 3965 proprie
380 3866 632 3964 philosophiam
659 3866 854 3961 complexus
872 3881 946 3958 est,
965 3869 1081 3960 politi-

116 4019 190 4065 cam
209 3992 395 4080 adhibens,
417 4014 486 4084 quo
509 3990 650 4060 interius
669 3989 814 4061 hominis
818 3991 904 4083 justi
916 4015 994 4062 cum
1005 4015 1084 4085 per-
