2836 5080
496 455 691 528 ...71...

114 671 189 719 men
212 672 280 722 non
301 649 504 744 displicebat
525 652 664 746 populo.
695 651 882 746 Conjuncta
904 666 975 724 erat
996 675 1075 724 oum

111 771 244 842 dicendi
266 784 357 862 arte,
380 773 490 867 caque
510 774 650 847 mirifice
671 775 984 856 commendabatur:
1001 774 1075 846 nul-

109 894 160 964 lus
194 906 311 964 autem
342 917 497 996 uuquam,
512 897 663 992 populus
685 873 769 988 luit,
792 899 854 994 qui
877 897 1074 986 lubentius,

107 1041 210 1111 quam
232 1015 465 1110 Atheniensis,
487 1020 613 1092 soleret
641 1033 788 1094 oratores
810 1019 938 1093 audire.
988 1019 1075 1090 Turn

106 1141 227 1230 etiam,
259 1141 352 1235 quod
382 1143 566 1214 sententias
598 1142 834 1240 Sophistarum
867 1143 912 1214 de
941 1141 1075 1236 justitia

106 1264 244 1352 attinet,
268 1265 365 1356 quasi
385 1289 428 1334 re
450 1277 539 1335 esset
561 1267 675 1358 nulla,
700 1273 816 1364 specie
840 1278 1074 1362 usmparetur,

106 1407 173 1480 quo
198 1385 304 1478 magis
332 1384 390 1454 alii
409 1386 446 1454 in
471 1386 554 1458 alios
574 1388 714 1484 impune
732 1390 1010 1478 dominarentur,
1031 1387 1075 1458 ab

107 1506 166 1578 hac
189 1505 350 1602 opinandi
380 1508 571 1578 temeritate
588 1533 657 1580 non
673 1510 895 1603 abhorrebat,
915 1535 979 1608 pro
994 1509 1075 1580 leri-

106 1641 173 1700 tate
196 1629 276 1720 sud,
297 1629 431 1722 vulgus.
481 1630 640 1716 Placebat
662 1632 897 1725 edoceretur,
919 1635 979 1728 qui
999 1632 1075 1702 lau·

106 1749 218 1822 datam
250 1777 270 1822 a
303 1751 477 1822 nonnullis
506 1753 699 1842 Justitiam,
725 1754 851 1824 diserta
871 1755 1074 1848 copiosaque

105 1875 254 1946 oratione
294 1872 452 1942 inutilem
487 1896 677 1968 vanamque
713 1897 786 1945 esse
817 1875 1074 1946 demonstraret.

105 1996 194 2084 Quid
221 2019 300 2066 vero
334 1991 516 2066 Socrates?
565 1994 752 2066 Videbatur
782 1998 811 2067 is
848 1995 1011 2092 quidem,
1036 2007 1076 2066 ut

105 2120 239 2208 caeteri,
262 2117 421 2214 Sophiste
439 2140 512 2190 esse
535 2129 570 2188 et
592 2117 723 2188 nullam
743 2142 813 2190 non
834 2141 933 2214 posse
955 2117 1000 2188 de
1021 2141 1076 2187 re-

105 2237 168 2312 bus
201 2242 302 2312 etiam
337 2241 541 2333 gravissimis
572 2242 897 2332 argumentationem
929 2239 1075 2322 dicendo

103 2363 260 2433 refellere
280 2373 383 2454 atque
405 2372 580 2449 evertere,
599 2361 661 2430 sed
682 2363 849 2454 primum,
873 2364 1005 2456 privare
1016 2360 1076 2432 ille

103 2481 275 2578 populum
303 2479 465 2552 audiendi
480 2479 665 2573 ,voluptate
688 2481 882 2570 nitebatur,
905 2508 985 2554 eum
1007 2507 1076 2554 non

103 2604 216 2678 solum
242 2601 321 2698 ⁴ipse
352 2591 427 2672 eam
449 2600 664 2696 repudiaret,
687 2601 748 2671 sed
772 2603 875 2672 etiam
898 2601 1075 2674 disertissi-

106 2751 237 2800 morum
272 2738 444 2798 oratorum
474 2725 641 2796 orationes
674 2724 931 2818 interponendis
954 2747 1076 2819 quaes·

109 2849 267 2920 tiunculis
298 2847 533 2940 abrumperet:
562 2859 639 2916 tum
660 2867 741 2916 vero
760 2845 936 2940 spectabat
953 2846 1075 2918 eadem

107 2970 166 3040 illd
189 2966 385 3062 usmpandai
407 2965 654 3060 percunctandi
676 2979 767 3058 arte,
787 2967 1075 3060 quodlongelon-

107 3115 214 3188 gorpre
247 3091 424 3162 hominum
454 3100 593 3184 captum
626 3100 811 3185 superaret.
862 3089 946 3160 Nam
963 3101 999 3174 et
1015 3115 1076 3176 ,ve-
1154 3123 1157 3130 ’

107 3239 177 3284 ram
210 3212 373 3284 inducere
394 3210 624 3305 eloquentiam
644 3223 680 3280 et
700 3209 991 3292 recteoonsulere
1013 3210 1075 3284 hu-

108 3337 259 3406 manitati
290 3333 473 3404 nitebatur.
523 3331 662 3402 Inonem
680 3331 858 3425 judicabat
879 3355 1014 3404 onmem
1024 3333 1074 3404 di·
1187 3407 1190 3412 ,

108 3458 207 3529 cendi
222 3469 348 3546 artem,
367 3477 455 3550 quae
477 3477 546 3526 non
568 3453 719 3548 proxime
739 3467 827 3524 esset
849 3479 927 3526 curn
939 3457 1074 3528 virtutis

106 3605 146 3652 ae
163 3580 319 3676 justitiae
341 3577 456 3649 studio
477 3581 671 3670 conjuncta.
721 3575 850 3663 Quom
870 3579 946 3672 quis
957 3579 1075 3650 dicen-

110 3701 153 3774 do
174 3703 351 3798 pervenire
371 3699 415 3770 ad
437 3723 585 3770 summos
605 3700 642 3770 in
664 3683 800 3770 ciuitate
816 3697 1076 3796 honoreseupe-

112 3809 180 3914 ret,
215 3824 304 3895 hanc
334 3824 366 3892 ei
387 3821 497 3914 legem
517 3823 792 3917 praescribebat,
817 3837 856 3896 ut
876 3827 1075 3920 priusquam

114 3970 151 4017 eo
181 3947 425 4034 contenderet,
457 3943 568 4015 bonus
591 3943 664 4020 fieri
687 3948 769 4018 civis
792 3948 970 4018 niteretur.
1021 3946 1075 4014 ln-
