2824 5084
484 529 535 539 -
563 485 705 558 197<-

109 682 292 753 sedetiam
324 682 368 750 ad
400 705 572 754 summurn
592 685 744 777 gentium
770 684 1009 779 universaeque
1030 711 1081 758 so

109 807 239 876 cietatis
262 804 480 876 commodum
501 805 701 878 factitarent.
728 805 796 896 ¹His
814 803 902 896 Itali,
914 805 967 877 his
977 807 1078 878 Fran·

108 930 160 1018 ci,
184 928 237 998 his
256 926 377 1022 Angli,
401 927 454 998 his
475 930 654 1021 Germani,
673 929 727 1002 his
748 929 880 1021 Batavi,
903 928 958 1000 his
969 929 1082 1001 nullae

110 1075 179 1122 non
195 1062 311 1144 gentes
323 1049 514 1146 Europaeae
525 1052 684 1124 cultiores
696 1078 775 1126 cum
786 1053 944 1150 physicos
960 1076 1038 1123 suos
1049 1066 1083 1122 et

110 1173 278 1264 medicos,
297 1185 372 1244 tum
387 1175 648 1268 jurisconsultos
666 1201 705 1248 ac
723 1176 891 1271 politicos,
913 1188 989 1246 turn
1005 1198 1087 1246 vcro

109 1298 313 1370 cultissimos
334 1320 487 1392 quosque
506 1299 678 1392 religionis
700 1301 867 1370 antistites
879 1297 1083 1370 debuerunt,

110 1423 178 1493 Nec
203 1422 327 1491 mirum
357 1421 530 1526 profecte,
550 1446 629 1492 narn
648 1423 826 1518 spectabat
851 1421 1005 1494 doctrina
1028 1421 1086 1491 illa

111 1569 165 1617 res
198 1546 349 1617 omnium
369 1546 601 1638 gravissimas,
623 1543 849 1634 universam,
878 1551 1084 1634 civitatem,

114 1673 301 1741 hominem.
351 1666 479 1758 Harum
509 1692 590 1738 vero
607 1670 760 1740 omnium
782 1683 874 1740 recte
892 1669 1088 1739 trantanda-

73 1801 74 1812 ¹
114 1816 192 1862 rum
207 1793 236 1862 si
254 1801 427 1864 auctorem
446 1813 587 1885 quaeras
598 1843 609 1880 ,
621 1789 819 1862 Aristoteles
836 1791 915 1881 fuit,
929 1794 1088 1886 princeps

114 1919 151 1986 in
171 1915 329 1986 universo
338 1935 461 2007 genere
470 1912 621 1984 humano
631 1912 864 1984 doctrinarum
875 1915 1089 1984 instaurator.

145 2038 205 2108 xEt
229 2037 278 2108 sic
301 2035 443 2131 quidem
465 2059 526 2107 nos
547 2037 720 2132 ascriptis
737 2061 806 2108 non
828 2037 1001 2108 solumac'
1022 2037 1090 2104 vita

115 2161 288 2256 rebusque
310 2159 413 2252 gestis
436 2158 585 2230 Platonis
602 2135 648 2230 'ac'
672 2159 877 2250 Aristotelis,
903 2157 964 2230 sed
988 2159 1090 2228 etiam

116 2311 159 2354 ex
197 2285 352 2354 universa
385 2283 527 2352 historia
550 2282 808 2376 philosophiae,
846 2284 882 2352 in
906 2306 975 2375 qua
993 2276 1091 2351 lucet

118 2406 299 2497 utriusque
323 2403 509 2493 ingenium,
529 2403 691 2472 maximos
716 2403 777 2474 hos
790 2407 1011 2494 cognoscere,
1023 2406 1091 2474 imo

118 2527 318 2620 dignoscere
328 2524 540 2618 antiquitatis
552 2522 772 2619 philosophos
783 2523 991 2594 studuimus.
1000 2524 1094 2612 Quae

119 2651 225 2739 ratio,
242 2647 396 2743 quamvis
421 2670 507 2748 nora
531 2645 684 2736 fortasse,
705 2645 854 2717 necdum
874 2642 998 2736 usitata
1016 2645 1093 2741 phi-

121 2771 295 2868 losophiae
319 2768 563 2864 interpretibus
587 2768 762 2857 rideatur,
781 2767 840 2840 hlc
860 2767 959 2839 nohis
973 2769 1095 2864 inpri-

123 2897 187 2968 mis
220 2891 424 2989 usurpanda'
445 2903 527 2962 erat.
577 2891 683 2980 Nam,
719 2902 759 2962 ut
791 2889 1009 2960 conciliemus
1034 2890 1097 2961 ali-

125 3017 263 3114 quando
281 3027 380 3088 recte·
397 3026 431 3086 et
456 2996 701 3107 conjungamus
725 3011 934 3082 Platonicam
958 3009 1097 3082 etAris·

125 3141 286 3214 toteleam
310 3136 579 3234 philosophiam,
602 3136 695 3230 quod
718 3135 871 3206 omniurn
891 3133 927 3202 in
945 3129 998 3202 his
1022 3157 1098 3204 ma—
1201 3171 1205 3176 .
1263 3186 1266 3194 .

126 3267 217 3338 xime
241 3271 457 3358 spectemus,
493 3259 587 3330 nulla
612 3283 681 3329 non
705 3261 834 3330 ratione
860 3255 1099 3349 distinguenda

127 3387 235 3458 altera
258 3386 303 3456 ab
327 3384 431 3481 altera
455 3382 648 3454 videbatur.
683 3381 759 3453 Huc
783 3382 887 3474 igitur
907 3403 997 3450 nunc
1021 3392 1098 3449 tan*
1129 3451 1140 3471 ἱ

129 3509 211 3579 dem
223 3506 465 3602 procedamus.

548 3727 685 3749 -.Q--
