2828 5098
456 469 673 561 -1255-
741 521 743 531 .

89 665 165 738 alios
193 663 363 738 adducere
390 677 514 760 potest.
564 665 639 754 Quo
660 665 720 756 fit,
743 677 783 738 ut
804 673 950 763 speciem
971 698 1048 746 am-
1081 723 1084 732 1

90 790 297 884 plectantur,
320 811 393 858 rem
415 789 591 881 ignorent,
613 791 762 884 speciem
784 793 931 866 verosic
953 796 1048 866 audi-
1105 840 1111 849 ,

89 911 214 982 toribus
247 933 287 980 ae
317 909 502 982 lectoribus
531 924 743 1007 proponant,
767 925 805 982 ut
829 915 972 990 maxime
993 919 1049 987 vi-

87 1032 207 1104 deatur
241 1056 356 1105 eorum
390 1033 533 1125 studiis,
565 1035 662 1108 malis
686 1037 786 1106 etiarn
808 1049 844 1106 et
863 1039 1050 1132 perversis,

85 1181 243 1250 congrua.
293 1155 389 1228 Plato
423 1157 528 1250 igitur
558 1159 689 1252 vulgari
720 1159 906 1234 rhetoricae
938 1163 994 1232 isti
1016 1176 1051 1232 et

86 1281 267 1374 abjectae,
300 1292 407 1350 artem
450 1283 609 1376 opposuit
642 1281 778 1356 dicendi
811 1284 1052 1380 scribendique

85 1401 314 1473 sublimiorem
350 1401 539 1497 quandam,
571 1427 660 1499 quae
688 1407 788 1478 unice
811 1406 855 1476 ad
875 1409 1051 1480 veritatem

85 1525 247 1596 tenderet.
298 1525 489 1600 Dicendum
507 1527 795 1624 scribendumque
814 1531 985 1602 statuebat
1007 1531 1050 1602 ad

85 1649 301 1720 excitandum
335 1651 371 1718 in
402 1649 596 1722 hominibus
619 1652 690 1721 veri
714 1652 864 1746 bonique
886 1677 1050 1738 amorem,

62 1769 303 1854 ¹scribendiun
341 1771 426 1844 adeo
472 1773 629 1844 censebat
674 1795 743 1844 non
785 1774 891 1844 literis
935 1777 971 1844 in
1003 1775 1051 1844 li-

85 1893 168 1986 bris,
203 1896 264 1966 sed
294 1895 507 1969 sermonibus
542 1897 579 1966 in
609 1897 693 1991 ipsis
715 1897 836 1967 animis
856 1895 1052 1968 hominurn:

84 2019 174 2112 quod
210 2019 306 2092 Plato
341 2044 421 2092 sane
449 2022 543 2118 ipse,
568 2021 685 2116 quoad
707 2024 781 2116 ejus
804 2019 878 2090 fieri
898 2031 1052 2114 poterat,

84 2141 224 2239 dialogis
253 2143 440 2216 scribendis
469 2143 645 2216 factitavit.
696 2143 878 2239 Quumque
902 2142 1052 2214 rhetores
1085 2143 1087 2147 ⁴

84 2266 185 2360 vulgo
214 2266 394 2361 praecepta
426 2267 562 2338 dicendi
587 2265 835 2362 'scribendique
857 2265 1051 2354 traderent,

82 2413 170 2482 quae
204 2411 283 2466 cum
314 2399 387 2456 arte
407 2399 519 2456 essent
541 2391 742 2479 conjuncta,
767 2401 875 2458 artem
896 2411 976 2458 vero
996 2410 1052 2458 ne-

83 2486 267 2603 gligerent,
300 2509 373 2603 ipse
395 2519 503 2578 artem
526 2507 676 2579 divinam
698 2533 738 2580 ex
769 2508 914 2580 hominis
943 2511 1055 2582 animo

83 2630 228 2702 deduxit
258 2643 361 2726 atque
383 2631 427 2700 ad
449 2633 656 2702 verissimam
675 2629 820 2702 hominis
843 2631 1057 2725 civitatisque
1125 2643 1126 2647 ’

84 2755 229 2827 salutem
251 2753 505 2850 provehendam
527 2753 685 2826 excoluit.
735 2753 825 2844 Sed,
861 2765 901 2824 ut
932 2754 1057 2824 artium

84 2876 331 2970 elegantiorem
348 2855 397 2950 ac.
408 2873 609 2965 rhetoricae,
628 2877 676 2946 ita
685 2875 942 2971 disciplinarum
954 2877 1056 2946 etiam

82 2999 304 3071 subtiliorum
334 3023 456 3070 novam
490 2998 625 3068 induxit
658 2999 836 3070 rationem.
896 2997 1058 3068 Similiter

83 3117 127 3190 de
162 3143 324 3217 peruerse
357 3120 708 3212 eumtarithmeticae„
732 3134 808 3194 turn
831 3121 1057 3214 geometriae,

85 3254 160 3313 tum
187 3243 381 3314 harmoniae
403 3255 507 3338 atque
529 3244 752 3314 astronomiae
772 3241 1057 3338 studio'pronun·
1084 3254 1091 3266 '

81 3367 165 3436 ciat.
221 3365 425 3461 Disciplinas
457 3365 517 3437 has
552 3376 698 3436 trammt
730 3365 851 3458 vulgo,
883 3365 951 3454 ait,
976 3377 1054 3436 tan-

83 3510 193 3581 quam
216 3487 438 3578 numerandi,
463 3485 645 3578 metiendi,
670 3488 831 3582 temporis
857 3499 1058 3582 computan-

86 3610 122 3680 di
156 3623 274 3682 artes:
308 3611 437 3700 nescii,
478 3609 544 3682 alia
576 3609 689 3682 omnia
729 3609 911 3706 longeque.
933 3614 1060 3705 majora

86 3733 274 3827 spectanda
319 3735 386 3805 illis
430 3757 524 3823 esse,
570 3734 629 3828 qui
671 3756 726 3803 eas
768 3732 812 3802 ad
853 3734 1058 3804 verissimam

87 3879 325 3953 summamque
371 3856 548 3928 hominum
595 3855 776 3926 utilitatem
818 3855 951 3926 tradere
993 3878 1059 3923 cu-

90 3981 202 4071 piunt.
253 3979 412 4051 Efficiunt
443 3977 590 4066 scilicet,
626 3977 654 4046 si
681 3990 773 4048 reete
798 3977 997 4062 traduntur,
1021 3985 1060 4044 ut
