2836 5080
727 446 911 520 ..so-

403 697 610 773 secunus
633 696 690 772 DE
712 697 849 770 SEMh'l
873 697 968 772 lPSO
989 697 1228 774 CONFFSSIO.

378 884 579 958 Accedimus
596 888 670 980 jam
693 883 737 956 ad
761 896 865 982 caput
889 884 1132 982 disquisitionis
1155 899 1303 979 nostrae,

331 1022 371 1082 ut
392 1022 508 1106 pateat
529 1008 627 1082 nohis
650 1009 887 1105 tandemque
907 1009 1304 1106 propiieindoleSccra-

331 1147 384 1206 tes
405 1133 520 1206 luerit.
569 1132 653 1205 Nam
676 1133 779 1204 etiam
800 1133 829 1204 si
849 1133 982 1204 moturi
1004 1144 1117 1204 aetate
1138 1133 1216 1206 talis
1227 1133 1303 1206 fne-

330 1259 387 1348 rit,
412 1256 548 1352 qualem
571 1279 651 1326 eum
672 1255 831 1328 Socratici
853 1253 1152 1348 habueruntfere,
1180 1258 1303 1328 natura

330 1379 364 1453 ei
387 1381 496 1452 inesse
516 1379 650 1468 debuit,
671 1403 741 1475 quo
759 1377 938 1470 accideret,
962 1377 1304 1450 utetanteainmul-

331 1518 445 1577 tormn
466 1502 775 1600 reprehensionem,
800 1503 869 1574 imo
899 1501 1165 1576 criminationem
1186 1501 1304 1574 incur·

330 1639 432 1717 reret,
454 1649 518 1698 nec
539 1638 657 1722 postea
677 1623 742 1696 hac
760 1623 838 1696 labe
859 1636 1025 1720 purgatus
1037 1627 1081 1696 sit
1092 1625 1204 1722 plane.
1230 1623 1304 1696 An-

330 1749 462 1822 diamus
479 1750 585 1844 igitur
605 1749 728 1839 virm,
751 1748 812 1820 nbi
832 1749 906 1844 ipse
927 1747 972 1818 de
993 1747 1108 1821 indole
1129 1773 1202 1839 sua,
1218 1771 1304 1844 qoa-

329 1873 373 1945 lis
392 1871 508 1962 suerit,
528 1871 635 1942 libere
657 1883 692 1942 ct
712 1873 858 1964 ingenue
879 1871 1094 1966 pronunciat.
1123 1869 1304 1961 Fecithoc,

330 2021 451 2092 quum,
471 1997 507 2066 in
526 1994 743 2066 familiarium
763 1994 976 2090 aliorrunqne
987 2007 1170 2086 convento,
1180 1995 1304 2092 Zopyri

330 2119 419 2190 lacta
439 2116 549 2188 fuerat
567 2116 708 2207 mentio,
718 2116 813 2211 quod
822 2117 872 2188 sic
882 2129 1014 2188 enarrat
1025 2117 1158 2190 Cicero:
1179 2105 1304 2192 »Nam

332 2267 410 2312 cum
435 2242 548 2312 motta
570 2243 611 2312 ia
643 2231 813 2313 conventu
835 2243 927 2314 vitia
951 2245 1160 2336 conjecisset
1177 2247 1218 2314 in
1242 2243 1303 2316 So·

331 2375 468 2438 erotem
501 2359 686 2460 Zopyrus,
721 2367 784 2462 qui
814 2389 853 2435 ae
877 2375 1047 2438 naturam
1070 2371 1304 2464 cujusquam

319 2491 450 2586 forma
477 2489 691 2582 perspicere
718 2487 987 2583 profitebatur,
1025 2490 1169 2562 derisus
1201 2500 1257 2562 est
1282 2513 1305 2558 o

329 2611 497 2698 caeteris,
532 2612 595 2704 qui
624 2609 693 2678 itta
725 2611 766 2678 io
794 2607 944 2681 Socrate
965 2613 1060 2682 vitta
1080 2637 1152 2682 ooo
1175 2635 1305 2708 agnoc-

332 2741 475 2810 carent:
505 2733 549 2800 ab
570 2733 651 2824 ipso
672 2740 789 2802 aotam
814 2730 964 2804 Socrate
985 2735 1199 2826 sublevatae,
1222 2737 1303 2806 cnm

331 2853 401 2924 illa
413 2854 484 2923 sibi
493 2855 618 2942 insita,
634 2853 698 2922 aed
707 2857 848 2926 ratione
863 2879 887 2924 α
897 2879 934 2925 ce
946 2860 1060 2951 ejecto
1071 2859 1207 2929 diceret
1215 2853 1305 2954 (*).''

331 2975 441 3066 Quam
462 2973 606 3046 Socratis
626 2973 672 3045 de
692 2986 801 3046 semet
822 2975 897 3074 ipso
918 2977 1161 3052 confessionem
1171 2991 1304 3075 quont-

332 3097 542 3170 tenderimns
564 3091 774 3191 diligentius,
796 3121 837 3172 eo
859 3101 971 3172 minus
982 3101 1192 3193 mirabimur,
1204 3124 1303 3198 prae-

330 3231 471 3316 ceptum
501 3221 538 3288 in
569 3222 642 3314 ejus
675 3218 890 3317 philosophici
923 3223 1145 3318 praecipuum
1177 3222 1304 3316 luisse,

333 3338 429 3440 γνῶθι
450 3340 598 3417 σεαυτόν.
646 3342 729 3414 Nam
759 3369 829 3440 quo
850 3346 927 3441 quis
947 3347 1052 3440 magis
1074 3359 1204 3419 certare
1225 3373 1305 3419 cnm

335 3466 443 3540 insitis
465 3478 605 3537 naturae
626 3467 720 3537 vitiis·
738 3467 864 3558 debet,
888 3491 929 3539 eo
948 3471 1053 3564 magis
1073 3471 1306 3567 semetipsum

331 3609 412 3657 cum
444 3587 602 3678 attendit,
635 3601 711 3660 tum
743 3589 909 3686 explorat,
939 3601 993 3683 ut,
1017 3591 1098 3666 hinc
1120 3591 1306 3690 proiectus,

367 3889 405 3958 (*)
427 3891 616 3942 Tusc.1V.37·
635 3893 671 3944 Cf.
691 3894 721 3943 de
739 3895 809 3945 Fato,
830 3911 850 3946 c.
869 3897 902 3960 ὅ,
920 3893 962 3945 ubi
979 3895 1045 3946 atto
1062 3898 1174 3972 Zopyrus,
1190 3899 1308 3946 malon·

330 4001 387 4034 mm
401 3985 474 4034 inisse
491 3985 616 4036 Socratem.

1403 3058 1412 3198 l
