2824 5084
710 469 930 542 ...250-

789 703 855 774 Vll.

499 857 555 930 De
571 861 811 960 philosophia
831 863 963 932 aetatis
985 870 1139 932 nostrae.

382 1044 614 1136 spectavimus
645 1044 682 1114 in
708 1042 915 1138 explicandis
935 1043 1193 1137 quaestionem
1217 1041 1310 1114 hisce

337 1167 559 1238 criticismum
585 1168 751 1257 maxime,
775 1169 835 1262 qui
859 1167 959 1238 unice
980 1166 1161 1239 oonvonire
1185 1167 1311 1238 nostris

333 1288 596 1385 philosophandi
621 1289 743 1362 studiis
768 1290 915 1392 videtur.
965 1287 1062 1382 Age,
1084 1288 1310 1382 subjiciamus
1407 1335 1408 1373 1

334 1413 390 1486 hio
414 1413 467 1486 de
484 1437 545 1503 eo,
570 1438 640 1509 quo
662 1415 787 1486 rectius
811 1413 1043 1507 intelligatur,
1067 1411 1237 1484 nonnihil.

380 1537 438 1606 Rst
463 1535 559 1625 haee,
584 1549 624 1608 ut
649 1560 764 1608 omnes
789 1536 963 1625 fatentur,
983 1534 1115 1606 ‘soeculi
1132 1537 1240 1606 nostri
1257 1561 1310 1606 ra·

332 1659 403 1747 tio,
436 1671 476 1730 ut
498 1657 646 1730 nolimus
668 1660 769 1730 motis
790 1657 921 1730 includi
941 1658 1145 1752 dogmatum
1168 1679 1209 1730 ae
1237 1683 1309 1753 sys-

331 1794 496 1854 tematum
519 1781 710 1871 limitibus,
734 1794 871 1872 eontra,
895 1781 1075 1875 exspatiari
1098 1803 1309 1875 peromnem

331 1891 594 2002 philosophiam,
618 1917 657 1976 ut
682 1905 824 1976 averiis
844 1916 879 1974 et
899 1901 1112 1999 philosophis
1136 1915 1170 1974 et
1194 1904 1309 1993 sectis,

331 2031 430 2100 variis
448 2031 661 2126 temporibus
682 2027 818 2123 prodita
840 2041 909 2118 est,
931 2051 1100 2098 aveamus.
1141 2025 1219 2114 Quo
1235 2051 1308 2096 ma·
1408 2101 1409 2106 ,

330 2155 381 2244 gis
404 2152 565 2223 historica
584 2151 683 2221 nohis
695 2125 965 2245 philosophandi
973 2153 1027 2222 via
1038 2151 1208 2247 pmhatur.
1235 2149 1306 2245 Ap-

224 2338 226 2343 .
331 2272 458 2367 pellaeo
480 2295 541 2342 nos
562 2269 628 2342 hoo
646 2293 752 2364 genus
775 2271 1012 2367 philosophiae
1035 2275 1234 2344 eclectieum
1251 2273 1306 2342 in·

331 2395 518 2482 stituimuu
538 2393 666 2486 donec,
684 2394 799 2485 eredo,
822 2396 919 2468 aliud
937 2419 1083 2488 nomen,
1106 2395 1231 2470 studiis
1254 2397 1308 2466 his

330 2520 453 2590 nostris
475 2519 582 2610 magis
603 2530 866 2590 eonsentaneum
888 2519 1129 2592 invenerimus.
1155 2520 1308 2592 Nemee-

330 2644 555 2728 lectitemus,
577 2640 687 2735 qualis
710 2639 942 2712 Alexandrina
965 2653 1075 2712 aetate
1102 2641 1181 2732 fuit,
1207 2643 1306 2714 nobis
1408 2727 1409 2730 Ἴ

330 2787 399 2836 non
431 2765 557 2859 placet.
608 2761 886 2857 asyncretum
912 2787 985 2834 non
1017 2765 1131 2836 minus
1166 2787 1305 2854 summ,

159 2871 165 2880 ¹
265 2963 267 2969 s
331 2912 436 2981 quom
480 2913 499 2956 a
543 2885 767 2978 dogmatismo
800 2886 912 2960 alieni.
975 2886 1150 2959 Praeterea
1166 2952 1169 2960 ,
1187 2899 1306 2982 potent

330 3011 443 3086 studia
477 3023 591 3082 nostra
617 3009 743 3098 latius,
764 3033 868 3104 quam
892 3035 1044 3104 unquam
1068 3011 1307 3084 eclectieoium

329 3147 526 3230 punierunt.
576 3131 827 3218 Proficiendum
852 3157 921 3204 non
938 3134 1050 3206 solum
1069 3159 1088 3204 a
1108 3136 1209 3207 sectis
1228 3135 1307 3230 phi-

329 3258 549 3352 losophorum
579 3268 762 3351 putamus,
797 3281 867 3351 quo
896 3256 1131 3353 philohophiae
1144 3325 1148 3332 ,
1162 3257 1306 3330 historia

329 3381 447 3452 ducit:
483 3405 523 3450 ex
555 3381 628 3474 ipsa
655 3376 764 3450 etiam
781 3393 815 3451 et
839 3383 992 3474 gentium
1016 3395 1051 3451 et
1071 3383 1196 3452 artium
1216 3381 1305 3453 doc-

329 3505 576 3597 trinarumque,
598 3514 633 3572 et
642 3526 733 3585 ¹uero
749 3501 919 3596 religionis
943 3505 1150 3598 omninoque
1176 3527 1218 3578 ex
1241 3503 1305 3576 hu·

329 3626 499 3695 inanitatis
520 3623 658 3694 historia
677 3614 851 3717 materiem
873 3648 992 3718 capere
1004 3615 1303 3722 adphilosophonss

332 3749 416 3818 dum
450 3745 650 3833 studemus3
685 3759 724 3817 ut
761 3745 847 3816 nihil
880 3770 1018 3840 prorsus
1050 3748 1304 3818 excludendum

328 3871 450 3942 studiis
472 3869 596 3940 nostris
617 3867 782 3939 videatur.
830 3867 991 3963 Accedit,
1019 3871 1167 3965 quinon
1191 3872 1306 3940 minus

328 3995 429 4064 aetati
447 4003 498 4062 est
521 4001 656 4060 nostrae
679 3993 854 4085 proprius,
878 3991 1097 4098 humanitatis
1121 4005 1215 4064 recte
1227 4017 1307 4086 pro
