2824 5084
505 477 554 486 —-
580 435 722 504 253-

131 632 298 700 commisit
320 630 482 717 Kantius,
508 653 551 702 ue
574 629 640 702 hoc
664 633 800 702 nomine
824 654 945 703 noram
960 633 1098 706 induca-

129 777 205 823 mus
230 751 507 848 metaphysicam.
557 754 640 826 Nem
664 780 718 826 ars
734 755 792 828 illa
809 755 998 850 judicandi,
1014 779 1101 851 quae

129 879 261 946 critico
282 888 445 966 vocatur,
470 877 597 972 pariter
616 890 719 972 atquc
741 880 814 974 ipsa
835 881 1102 950 mentisnostrae

128 999 294 1089 facultaS,
314 1023 402 1094 quac
412 1001 616 1094 judicando
639 1001 810 1091 semitm,
831 1002 868 1072 in
891 1025 1006 1074 omnes
1023 1025 1102 1098 par·
1149 1078 1151 1088 ,

129 1133 180 1192 tes
207 1121 370 1194 latissime
401 1133 496 1218 patet
529 1121 700 1218 rebusque
734 1125 913 1214 omnibus,
948 1125 1101 1220 quamvis

128 1243 305 1386 opscuris,
327 1243 439 1316 lucem
465 1245 621 1316 effundit.
672 1237 832 1338 Refertur
857 1247 1042 1337 continuo,
1062 1257 1101 1317 ut

128 1367 260 1437 drotum
280 1391 383 1462 supra
401 1379 476 1456 est,
501 1365 545 1436 ad
566 1367 742 1438 literarum
760 1381 980 1440 monumenta
996 1370 1102 1440 inter-

128 1488 313 1584 pretanda,
337 1489 555 1585 explicanda,
581 1489 793 1562 illustranda.
844 1491 1032 1562 Reseranda
1055 1493 1103 1562 si-

128 1613 255 1684 militer
283 1624 334 1683 est
366 1612 410 1682 ad
442 1611 541 1684 falsas
571 1611 854 1708 pbilosophorum
887 1617 1103 1710 opinionesa

128 1737 215 1806 reris
230 1735 406 1805 sententiis
424 1733 621 1825 cernendas,
637 1737 674 1804 in
696 1736 904 1831 primisque,
917 1737 1011 1831 quod
1032 1737 1102 1831 pri·

128 1882 224 1928 mum
248 1879 321 1928 esse
345 1857 595 1928 instituendum
615 1857 786 1948 vidimus,
811 1858 857 1930 ad
876 1860 970 1954 ipsos
989 1857 1103 1954 philo·

127 1978 254 2074 sophos
270 1991 363 2051 recte
383 1978 427 2050 ab
446 1979 521 2050 aliis
532 1979 878 2075 aliorumtemporum
890 1979 1102 2076 philosophis

126 2101 399 2196 distinguendos.
425 2103 494 2174 Nec
513 2125 593 2172 vero
608 2103 721 2174 minus
744 2101 829 2174 illuc
850 2102 1027 2174 referenda
1046 2126 1103 2174 ea·

126 2222 207 2294 dem
238 2224 355 2294 critica
375 2201 530 2312 ridetur,
551 2237 611 2313 ut,
635 2227 672 2294 in
691 2226 861 2304 nobismet
884 2227 966 2322 ipsis
985 2227 1102 2322 explo-
1130 2225 1134 2234 ’

128 2339 265 2432 randis,
292 2365 467 2414 cernamus
495 2355 610 2430 recte,
631 2355 734 2436 atque
763 2348 844 2414 item
865 2347 1103 2438 dignoscamus

129 2467 253 2537 mentis
284 2465 452 2536 humanae
473 2462 671 2534 facultates:
695 2465 847 2558 primum
869 2467 984 2536 studia
1004 2471 1102 2540 nobis
1206 2515 1208 2522 ι

130 2593 244 2659 innata
273 2588 410 2684 pulcri,
435 2588 525 2679 veri,
550 2571 659 2682 justi,
679 2587 808 2678 divini,
826 2601 902 2660 tum
922 2589 1101 2662 facultates

129 2711 265 2808 proprie
284 2711 333 2782 sic
355 2708 485 2799 dictas,
509 2733 596 2807 quae
618 2710 809 2782 intellectui
830 2723 911 2782 sunt
932 2715 1101 2810 propriae.

130 2833 242 2913 Habet
278 2835 315 2902 in
349 2831 401 2904 his
436 2831 593 2903 omnibus
625 2833 766 2924 critica,
792 2845 831 2904 ut
856 2835 1009 2928 singulae
1034 2860 1102 2910 cer·
1196 2833 1198 2838 ⁴

130 2968 258 3028 uantur
287 2979 307 3026 a
335 2979 372 3026 se
394 2955 540 3026 invicem
562 2955 762 3048 diligenter,
787 2968 827 3026 ut
846 2957 949 3051 plane
966 2959 1103 3052 dignos-

131 3090 263 3168 cantur,
286 3089 326 3148 ut
346 3088 591 3171 cognoscantur
614 3079 765 3172 penitus,
790 3089 904 3177 partes
928 3082 1102 3152 maximas.

132 3201 383 3291 Quamobrem,
418 3199 484 3270 nisi
517 3197 611 3270 aliud
636 3211 810 3282 succurrat
835 3202 948 3297 aptius
970 3214 1104 3276 nostrae

131 3324 233 3392 aetati
263 3345 410 3412 nomen,
435 3346 505 3392 non
531 3320 760 3413 intercedam,
782 3325 987 3418 quominus
1010 3333 1105 3422 cpti-

131 3469 227 3516 mum
246 3443 299 3516 bis
318 3445 530 3540 temporibus
549 3446 763 3541 maximeque
782 3447 964 3520 salutarem
985 3449 1103 3546 pbilo-

131 3565 300 3662 sophandi
320 3548 485 3642 rationem
502 3569 574 3640 sive
595 3573 846 3663 criticismum,
861 3596 923 3644 seu
937 3579 1104 3648 criticum

5 3757 6 3762 ,
131 3691 352 3778 methodum,
377 3713 439 3764 seu
462 3692 587 3781 etiam,
619 3695 648 3764 si
674 3695 802 3784 maris,
830 3696 1104 3793 philosophiam

5 3859 6 3864 κ
133 3817 300 3887 criticum
318 3836 565 3908 nuncupemus.
603 3816 682 3906 Sed,
706 3818 809 3888 misso
828 3821 981 3907 nomine,
998 3817 1044 3888 de
1068 3841 1105 3888 re

132 3959 280 4028 agamus.
