2836 5080
245 1315 532 1408 Qntrsrronns
556 1317 919 1394 tntsrorfltnmn.

72 2035 74 2044 ’
144 2009 238 2081 Haec
269 2005 391 2096 habui,
427 2006 565 2078 Sodales
594 2009 880 2102 conjunctissimi,
912 2033 1001 2106 quae
1024 2009 1068 2082 ad

95 2155 153 2202 ros
179 2132 224 2202 de
248 2130 383 2201 Socrate
407 2129 600 2198 scriberem.
648 2129 751 2200 Juvat
775 2143 889 2202 autem
914 2132 1068 2204 nonnihil

96 2256 198 2324 etiam
232 2253 275 2322 de
311 2250 554 2345 Aristophane,
588 2251 731 2324 Socratis
768 2255 897 2326 ratione
932 2253 1066 2346 habita,

94 2398 273 2470 quaerere:
297 2375 465 2467 primum,
491 2373 576 2465 quid
601 2375 707 2464 egerit
731 2373 790 2444 ille
814 2377 958 2446 maxime
983 2376 1066 2448 Nu-

93 2501 197 2566 bibus
222 2491 485 2566 conscribendis:
510 2490 688 2586 deinceps,
713 2517 817 2586 quare
841 2497 1011 2602 Socratem
1030 2501 1065 2570 in

94 2618 158 2688 hac
185 2615 318 2704 fabula,
344 2637 412 2683 nou
436 2611 670 2706 Sophistarum
695 2603 856 2707 aliquem,
880 2617 1066 2708 exagitave-

94 2743 153 2810 rit:
178 2761 298 2834 porro,
323 2740 426 2831 quare
450 2734 542 2804 haud
567 2734 780 2830 displicuisse
804 2734 1062 2810 Atheniensium

96 2862 223 2957 populo
247 2859 363 2930 fabula
387 2857 557 2928 videatur:
582 2869 657 2928 tum
668 2881 748 2928 vero
758 2860 958 2954 praecipue,
979 2887 1063 2955 qua·
1187 2885 1188 2888 ¹

96 2995 192 3052 tenus
220 2981 289 3052 diei
311 2977 553 3073 Aristophanes
577 2980 722 3050 Socratis
747 3005 787 3049 ac
811 2980 958 3050 Platonis
983 3007 1062 3078 pro-

92 3104 230 3175 dromus
255 3102 380 3196 possit,
402 3121 537 3193 quaque
561 3099 658 3166 inre
682 3097 719 3166 hi
744 3097 843 3167 illum
867 3099 968 3192 longo
984 3115 1062 3194 post

93 3251 128 3296 se
152 3223 331 3296 intervallo
355 3221 565 3316 reliquerint.
615 3219 747 3307 Quibus
763 3220 977 3315 explorandis
992 3225 1082 3294 sol-¹

42 3360 44 3364 '
93 3349 279 3443 vendisque
303 3343 570 3444 quaestionibus,
595 3366 663 3412 non
691 3344 822 3434 solum,
848 3356 887 3414 ut
903 3368 1060 3440 auguror,

93 3470 137 3540 de
171 3471 303 3540 Socrate
330 3471 472 3562 ejusque
491 3462 705 3562 philosophia
729 3467 853 3537 rectius
867 3467 965 3536 etiam
978 3471 1057 3540 suh

93 3591 274 3684 limiusque
303 3587 494 3658 existimare
517 3565 703 3676 discemus,
726 3586 786 3656 sed
811 3588 900 3657 viam
920 3613 1058 3686 quoqne

94 3711 331 3808 patefaciemus
368 3707 482 3798 nobis,
515 3731 584 3804 qua
619 3705 661 3776 ad
692 3706 866 3778 Platonem
890 3721 925 3780 et
949 3711 1060 3783 sutili-

94 3857 180 3904 mern
205 3834 438 3930 divinamque,
464 3841 504 3899 ut
528 3829 596 3900 dici
618 3839 720 3920 amat,
745 3828 892 3902 Platonis
912 3830 1057 3926 philoso-

95 3955 207 4047 phiam
232 3951 485 4048 dijudicandam
510 3949 754 4044 perveniamus.

891 4079 912 4143 5
