2824 5084
469 438 689 510 ...233-

95 641 255 730 fuerunt,
287 637 385 708 nobis
416 651 624 732 appareant,
657 661 720 710 neo
743 639 856 710 minus
881 661 941 710 nos
964 641 1064 734 illos,
1096 709 1101 726 ,

93 785 196 856 quiam
220 760 407 855 praetentis
432 761 594 855 temporis
619 747 772 832 hominos
797 783 816 830 e
840 762 1065 856 propriasen·

94 881 224 972 tioudi,
247 881 434 976 eogitandi,
456 881 696 977 scribendique
720 883 851 955 ratione
874 909 894 954 a
919 907 955 955 se
979 885 1064 956 invi-

94 1029 171 1077 oem
199 1003 453 1098 dignoscamns3
484 1005 690 1100 omninoque
720 1005 863 1077 virtutes
888 1029 1006 1077 eornm
1029 1019 1065 1078 et

92 1129 263 1198 vitiatam
283 1139 462 1218 accurate,
490 1151 594 1222 qnam
616 1127 814 1218 hominum,
832 1129 1065 1224 quihuslami·

92 1251 222 1320 liariter
243 1251 393 1340 utimur,
417 1262 605 1322 teneanmS.

131 1371 268 1461 *Quodsi
299 1397 340 1444 eo
372 1395 433 1446 nos
457 1371 616 1463 duxerit,
640 1374 700 1468 qni
718 1395 798 1443 vero
811 1369 953 1444 'nomine
973 1373 1066 1446 dioi-

91 1510 171 1585 tnr,
194 1496 421 1584 criticismns‚
443 1507 518 1592 tuni
541 1495 681 1566 demum
700 1497 861 1590 conjungi
882 1508 975 1568 reete
986 1521 1065 1569 enm

90 1617 316 1689 aelectioisnio
341 1629 471 1710 potest:
495 1617 683 1706 imovero,
704 1618 753 1688 sio
775 1617 915 1687 demum
937 1621 990 1689 via
1003 1593 1067 1715 pa-

91 1751 187 1810 ratur
205 1739 314 1810 nabis*
328 1738 374 1808 ad
389 1737 652 1810 eclectioismnm
663 1738 795 1808 naviter
805 1750 909 1833 atque
920 1717 964 1810 al
975 1767 1065 1813 snm-

92 1885 187 1934 mtnn
206 1861 339 1956 generis
362 1859 503 1932 humani
526 1859 795 1948 emolumentum
812 1861 1040 1934 tractandum.

552 2033 606 2104 lV.

122 2178 219 2274 Quid
248 2185 403 2252 monitae
428 2181 606 2276 agendum
622 2180 858 2276 philosoplis
884 2185 925 2252 in
947 2187 1043 2254 omni

159 2303 448 2396 philosoph-andi
467 2327 601 2396 genere
624 2311 689 2390 est,
710 2312 750 2371 ot
771 2329 888 2377 omnes
912 2308 994 2376 bene

312 2425 444 2517 generi
467 2423 619 2504 humano
643 2422 855 2494 consulant?

141 2589 313 2691 Efficimus
336 2613 356 2658 e
379 2569 485 2660 dietis¹
502 2590 597 2679 satis,
621 2592 753 2686 opinor,
777 2592 1066 2686 quemadmodum

92 2737 154 2784 nos
184 2735 321 2802 cavere,
348 2723 388 2782 nt
404 2712 500 2783 Plato
514 2711 616 2802 lecit,
638 2737 658 2782 a
680 2715 919 2808 synoietismo,
942 2717 1066 2810 gravis·

91 2839 176 2906 sima
205 2833 440 2931 philosophiae
471 2846 589 2930 peste,
621 2837 787 2929 oporteat.
838 2837 1066 2910 Critioismnm

90 2959 313 3055 adhibeamus
332 2981 469 3030 neeesse
480 2971 545 3048 est,
558 2981 666 3053 eoque
678 2960 1068 3054 usmpendononsuum.

90 3081 305 3154 solummodo
325 3082 449 3176 cuique
465 3093 501 3150 et
520 3079 724 3176 philosopho
739 3094 775 3152 et
786 3080 1067 3178 philosophorum

89 3217 203 3278 sectae
236 3201 459 3274 tribuendum
485 3214 556 3292 est,
591 3203 915 3300 sedtexquirendum
941 3206 1068 3297 etiam,

91 3351 162 3421 qua
182 3327 306 3420 singuli
330 3325 526 3422 philosophi
540 3326 671 3396 ratione
691 3327 841 3398 adsnam
852 3330 1067 3423 pervenerint

91 3449 356 3547 philosophandi
380 3451 623 3552 maturitatem.
673 3451 757 3522 Nem
780 3453 816 3520 in
837 3453 971 3547 seriptis
987 3476 1067 3548 pro-

92 3573 206 3662 fecto,
230 3596 317 3666 quae
330 3572 476 3668 juvenili
494 3573 545 3642 illi
567 3585 677 3644 aetate
700 3572 891 3664 ediderunt,
915 3574 972 3644 alii
996 3573 1070 3645 sere·

94 3717 250 3789 magnam
273 3706 405 3788 partem
428 3707 605 3790 apparent,
629 3719 733 3790 qnam
756 3695 792 3764 in
812 3695 918 3767 virilis
939 3697 1067 3768 senilis·

95 3842 164 3912 que
188 3819 308 3889 aetatis
332 3816 479 3888 foetibus
502 3817 685 3912 prodeunt.
713 3817 812 3906 Quod
837 3845 906 3915 quo
928 3819 1068 3912 diligen-

13 3945 14 3948 ’
97 3942 165 4012 tius
188 3939 540 4029 animadverterimus,
565 3962 605 4012 eo
625 3939 756 4012 facilius
779 3954 814 4012 et
834 3943 911 4014 lites
931 3942 1069 4012 dirime-
