2836 5080
731 512 923 582 ...(53...

350 713 403 782 tiis
428 711 670 805 probaverant,
692 709 849 796 decreta,
879 720 919 777 ut
947 707 1096 798 legentes
1113 727 1174 774 nos
1195 725 1319 776 eorum

351 833 500 921 fabulas,
532 834 621 928 ipsas
642 830 740 901 nobis
762 831 874 923 legere
894 827 1128 898 Demosthenis
1149 827 1319 896 orationes

351 956 534 1026 videamur.
586 952 698 1023 Veluti
724 951 816 1048 quod
837 949 966 1046 populo
986 949 1166 1042 exprobrat
1187 946 1321 1018 Aristo-

348 1077 496 1173 phanes,
536 1101 613 1146 eum
657 1076 779 1146 ducem
813 1074 968 1166 elegisset
1004 1072 1175 1142 Cleonem.
1233 1069 1323 1142 Φασὶ

351 1200 442 1298 ssep,
465 1200 527 1268 ait:

865 1294 950 1368 Φασὶ
974 1291 1041 1391 γὰρ
1066 1289 1272 1386 δυσβουλίαν

353 1412 442 1512 Talis
465 1417 507 1510 τῇ
531 1413 624 1488 πόλει
644 1409 817 1510 προσεῖναι·
837 1422 947 1488 ταῦτα
963 1415 1075 1508 μέντοι
1093 1413 1169 1494 τοὺς
1191 1411 1280 1494 θεοὺς

348 1536 445 1612 ‘'rtrr'
471 1533 511 1610 ἲιν
529 1539 617 1630 ὑμεῖς
628 1531 844 1632 ἐξαμάρτητ’,
855 1533 911 1608 ἐπὶ
922 1537 960 1609 τὸ
972 1535 1105 1629 βέλτιον
1121 1535 1246 1631 τρέπειν
1257 1536 1319 1633 (l)
1407 1631 1408 1634 ¹

401 1683 495 1753 Idem
521 1695 638 1778 postea
669 1683 780 1753 ubivis
803 1683 839 1751 in
858 1682 1057 1777 Philippicis
1077 1683 1321 1754 Demosthenes
1406 1661 1407 1674 ἵ

353 1805 616 1878 Atheniensibus
635 1804 742 1876 libere
761 1804 898 1899 objecit.
924 1804 1323 1895 Veruntamen,insum-

354 1931 411 1998 ma
443 1928 502 1998 itta
525 1927 660 1999 dicendi
679 1927 855 2016 libertate,
878 1937 976 1997 caute
1002 1903 1199 1997 tamennon
1220 1929 1323 1998 attin·
1407 1971 1408 1974 =

355 2051 480 2144 gabant
496 2053 567 2121 sive
589 2051 864 2146 superstitionem
881 2051 953 2120 sive
969 2049 1215 2144 praejudicatas
1226 2052 1322 2120 inve-

356 2187 548 2268 teretesque
578 2173 770 2268 opiniones,
792 2183 867 2242 tum
890 2171 1071 2261 cavebant,
1093 2196 1138 2242 ne
1162 2197 1201 2243 ea
1219 2172 1322 2244 doce-
1407 2163 1408 2230 l

356 2308 433 2364 rent
459 2307 519 2365 aut
540 2305 856 2383 commemorarent,
879 2317 966 2388 quae
988 2295 1082 2387 vulgi
1104 2307 1245 2390 captum
1265 2320 1322 2366 su·

358 2429 530 2511 perorent:
558 2416 830 2512 perstringehant
850 2416 934 2488 adeo
957 2417 993 2486 in
1018 2418 1138 2512 populi
1162 2417 1323 2510 gratiam,

301 2589 303 2595 ,
358 2541 418 2634 qui
444 2538 563 2610 horum
596 2539 797 2608 alterutmm
818 2552 999 2608 tentarent.
1049 2539 1242 2632 Utrumque
1265 2563 1325 2608 au-

236 2741 239 2747 ,
357 2674 427 2732 tem
446 2685 525 2733 cum
548 2660 656 2730 facere
673 2661 825 2730 Socrates
845 2657 1037 2749 videretur,
1063 2661 1216 2731 certatim
1231 2659 1328 2730 hunc

356 2785 475 2854 comici
497 2784 533 2850 in
553 2805 653 2851 scena
670 2782 891 2873 exagitarunt.
941 2781 1008 2850 Sed
1031 2806 1152 2878 operae
1174 2783 1325 2878 pretium

359 2917 428 2994 est,
443 2925 516 2972 rem
536 2901 640 2998 paulo
658 2901 852 2972 distinctius
874 2925 1052 2997 exponere.

407 3025 606 3116 Quaesitum
626 3045 868 3119 saepenumero
889 3037 957 3114 est,
977 3027 1038 3120 qul
1055 3024 1182 3096 lactum
1204 3028 1273 3118 sit,
1289 3040 1335 3097 ut*

359 3147 507 3245 populus
527 3145 764 3236 Atheniensis,
785 3148 844 3241 qui
879 3148 1027 3220 suaviter
1044 3147 1154 3218 ridere
1175 3147 1325 3238 solebat,
1404 3141 1405 3144 '

359 3274 420 3344 nbi
451 3275 487 3342 in
512 3296 612 3344 scena
640 3269 777 3341 videbat
809 3271 897 3342 Deos
917 3269 1059 3342 ridicula
1076 3273 1205 3343 ratione
1228 3273 1325 3344 infor·
1404 3309 1405 3326 r

358 3395 461 3485 mari,
487 3393 578 3464 idem
609 3392 668 3463 ille
686 3392 835 3490 populus
856 3392 999 3494 uiolatae
1016 3393 1185 3488 religionis
1209 3395 1324 3466 caussa

358 3516 630 3588 condemnaverit
649 3517 832 3590 Socratem.
882 3514 954 3603 Qua
973 3515 1018 3588 de
1040 3541 1076 3587 re
1097 3519 1209 3588 variae
1228 3519 1325 3606 exsti-

358 3652 475 3710 terunt
499 3639 708 3712 eruditorum
724 3639 920 3710 sententiae.
956 3639 1057 3710 Nobis
1075 3653 1191 3712 autem
1210 3665 1326 3712 caussa
1403 3699 1404 3702 ,

356 3764 503 3860 reposito
526 3787 598 3834 esse
619 3766 655 3834 in
674 3765 748 3860 ipsa
767 3763 910 3834 Socratis
928 3761 1083 3834 doctrina
1097 3761 1248 3834 ridetur.
1273 3762 1325 3833 llil
1402 3843 1403 3846 Ἴ

396 4035 430 4103 (*)
448 4035 515 4086 Nat.
533 4050 566 4084 vr.
585 4036 643 4084 ost.
