2836 5080
731 463 924 578 *7⁰7*

223 690 225 698 ‘
351 677 418 734 tur.
469 661 589 732 Versus
618 657 716 730 nobis
738 680 853 731 eorum
877 655 1062 751 quosdam,
1085 663 1112 724 e'
1126 655 1254 748 quibus
1276 656 1314 726 id

349 797 462 880 patet,
489 783 633 856 serravit
656 783 827 876 Diogenes
847 780 998 852 Laertius
1019 779 1089 877 (⁴),
1112 783 1164 852 uti
1187 779 1316 852 Calliae

352 911 395 998 in,
410 905 595 1002 Captivis,
616 904 677 977 ubi
700 905 870 1001 Euripidis
897 904 1046 976 fabulam
1062 903 1217 999 respicit:

465 1043 553 1136 ''th
575 1049 618 1122 orl
641 1051 741 1146 σεμνὴ
759 1052 816 1124 ael
837 1052 960 1146 φρονεῖς
982 1046 1066 1122 οὕτω
1086 1048 1190 1146 μέγα·

334 1245 341 1252 .
431 1191 433 1205 “
464 1165 575 1276 ᾗἘξεςι
596 1169 664 1268 γάρ
685 1201 751 1266 μοι.
775 1169 946 1268 Σωκράτης
967 1168 1037 1269 γὰρ
1057 1167 1170 1250 clrior.

351 1334 386 1390 et
402 1317 616 1390 Mnesilochi:

415 1457 417 1546 ᾗ
470 1469 593 1560 Φρύγες
613 1449 666 1549 tet
683 1464 787 1577 rapha
811 1460 923 1558 δρᾶμα
943 1465 1032 1533 τοῦτ’
1053 1459 1242 1556 Εὐριπίδου,

466 1585 513 1689 ᾫ
535 1585 590 1658 καὶ
611 1578 782 1677 Σωκράτης
802 1582 849 1654 rit
867 1587 1022 1679 φρύγανα
1040 1580 1217 1670 ὑποτίθησι.

397 1767 590 1836 lumerrmt
606 1766 654 1834 ita
669 1763 788 1840 comici
799 1763 870 1834 lere
885 1762 1055 1860 Socratem
1064 1773 1098 1832 et
1107 1761 1315 1858 Euripidem,

351 1901 390 1960 ut
411 1889 468 1960 hic
487 1890 531 1960 ab
552 1887 672 1958 eodem
693 1885 898 1958 Mnesilocho
926 1886 1207 1982 σωκρατόγομφας
1230 1884 1314 1981 (†)‚

349 2011 422 2100 vel,
453 2025 492 2082 ut
515 2013 572 2081 alii
594 2013 879 2104 interpretantur,
912 2007 1218 2106 ronpoerryo'pcpooc
1238 2031 1315 2078 ver-

349 2158 406 2204 sus
440 2133 583 2204 condere
617 2133 729 2204 dictus
759 2135 826 2224 sit,
860 2132 938 2228 qui,
967 2129 1123 2204 dissoluti
1155 2155 1314 2228 prorsus,

348 2255 492 2326 Socratis
514 2237 675 2352 γνῶμριις,
699 2267 858 2352 tanquam
877 2257 1028 2353 γόμφοις
1047 2255 1128 2346 rrrl,
1149 2253 1313 2352 compacti

349 2379 384 2446 in
407 2378 520 2450 lucem
542 2379 755 2474 prodiissent.

396 2501 463 2572 Sed
484 2501 574 2574 dicat
588 2502 728 2598 aliquis:
749 2525 854 2598 quare
874 2503 1045 2574 Socratem
1062 2499 1316 2598 Aristophanes,
1402 2511 1403 2514 ’

347 2648 415 2696 non
449 2623 731 2698 Thrasimachmn·
755 2638 814 2694 aut
835 2625 980 2695 similem
1004 2625 1153 2720 aliquem
1177 2623 1315 2718 Sophis-

346 2761 437 2836 tam,
467 2759 629 2842 tanquam
655 2771 788 2818 morum
817 2760 1049 2842 corruptorem
1070 2743 1226 2820 induxit?
1252 2747 1315 2816 So-

347 2867 558 2964 phistarum‚
594 2869 722 2958 fateor,
751 2893 821 2939 non
841 2871 986 2942 Socratis
1004 2869 1157 2942 doctrina
1177 2868 1220 2938 ad
1243 2891 1316 2938 mo-

347 3015 426 3062 rum
446 2992 696 3086 corruptionem
716 2991 835 3062 valuit.
884 2991 1009 3062 Verum
1028 2993 1184 3063 similiter
1210 2993 1248 3061 iu
1265 2990 1314 3062 his

347 3115 467 3202 etiam,
488 3137 567 3185 cum
584 3113 641 3182 alii
668 3135 766 3206 agere
787 3113 995 3204 viderentur,
1018 3114 1112 3209 quod
1135 3139 1205 3186 non
1226 3139 1314 3208 mag-

348 3237 473 3331 nopere
500 3261 519 3306 a
545 3258 678 3306 morum
709 3235 954 3308 consuetudine
979 3237 1204 3329 abhorrebat,
1227 3261 1315 3309 unus

347 3357 527 3430 videbatur
549 3359 698 3429 Socrates
713 3383 791 3432 ,rasi
813 3383 924 3442 novos
947 3362 1084 3432 moliri.
1133 3339 1219 3431 Noni
1246 3373 1313 3432 tota

316 3481 407 3550 'illa
429 3480 662 3578 Sophistarum
683 3481 880 3577 disciplina,
902 3483 1056 3576 quamvis
1079 3505 1198 3579 reapse
1220 3483 1313 3554 labe-

348 3603 487 3674 factaret
517 3605 625 3675 omnis
647 3603 820 3676 doctrinae
839 3603 975 3675 moralis
996 3603 1237 3694 fundamenta,
1262 3615 1314 3674 ta-

379 3907 414 3977 (*)
439 3911 466 3958 L·
486 3911 518 3959 11.
535 3911 587 3974 Sag.
608 3912 648 3959 19.
666 3913 708 3961 20.
818 3909 856 3979 (Τ)
873 3912 928 3963 Vid.
945 3913 1036 3978 Menrg.
1054 3913 1083 3962 ad
1101 3915 1169 3980 Πίος.
1190 3915 1267 3964 Laert.
1284 3911 1312 3960 ll.

347 4005 388 4071 qni
404 4019 446 4071 pro
463 4003 637 4070 Μνησίλοχος
654 4003 712 4068 legit
728 4005 917 4082 Μνησίμαχος.
