2836 5080
536 455 723 564 -¹9†·

136 675 179 723 ac
221 651 427 724 sublimioris
468 650 647 746 eujusdam
678 651 849 746 religionis
881 654 1105 749 patrocinium

137 775 338 871 susciperet.
387 772 485 845 Unde
513 778 586 868 jam
605 775 722 846 statim
743 772 788 846 de
808 797 850 847 eo
871 774 997 848 ducere
1018 801 1107 850 eon-

129 901 303 992 jooturem
323 895 402 968 lieet
412 949 424 987 ,
458 895 608 968 indolem
630 898 696 992 ipsi
718 921 788 969 non
808 899 856 968 ita
876 921 1015 994 pravam
1035 923 1105 972 oor-

134 1031 336 1117 ruptamve‚
371 1019 441 1091 imo
474 1041 554 1091 vero
575 1019 799 1092 excellentem
820 1017 943 1108 fuisse,
976 1021 1105 1116 ipsum·

131 1163 227 1236 que,
268 1140 513 1238 qualiscunque
563 1141 702 1212 tandem
748 1145 865 1238 specie
909 1142 1106 1237 aequalibus

132 1264 345 1359 posterisque
375 1264 466 1334 visus
498 1263 622 1353 luerit,
658 1267 756 1336 intus
784 1261 889 1336 fuisse
910 1264 1021 1336 virum
1043 1264 1107 1336 bo-

133 1409 229 1458 num.
277 1386 347 1458 Sed
369 1409 450 1482 age,
475 1387 653 1458 vetustatis
676 1385 721 1458 de
741 1387 879 1458 Socrate
892 1385 1026 1481 judicie
1051 1387 1106 1458 di-

128 1507 334 1602 judicemus.

183 1628 530 1702 Animadvertendum
560 1629 625 1701 hoc
656 1632 807 1726 primum
828 1655 868 1702 ac
889 1633 1104 1728 potissimum

134 1752 280 1844 videtur,
302 1749 564 1847 Xenophontem
586 1751 631 1822 de
654 1753 790 1824 Socrate
811 1754 983 1850 scripsisse
1003 1782 1105 1844 cene,

132 1888 225 1946 certe
246 1887 455 1964 senescente,
476 1875 629 1970 itemque
647 1872 823 1946 Platonem
842 1877 878 1945 in
898 1876 1106 1968 gravioribus

4 1993 10 2014 '
134 1997 273 2094 quidem
293 1995 453 2090 dialogis3
473 1993 735 2092 Aristophanem
756 2018 837 2068 vero
847 2008 1017 2094 spectasse
1027 2018 1107 2069 eum

133 2145 172 2192 ae
199 2119 390 2216 judicasse,
423 2118 535 2216 qualis
566 2132 601 2190 et
624 2123 779 2216 juvenis
803 2118 914 2191 fuemt
934 2117 1037 2210 olim,
1069 2131 1106 2190 et
1188 2195 1191 2202 ,

133 2244 268 2337 vigente
289 2255 373 2316 tunc
394 2255 478 2332 crat,
501 2241 649 2313 necdum
665 2239 1105 2338 maturAadphilosophan·

131 2364 219 2436 dum
251 2377 373 2436 aetate.
422 2363 507 2436 Acta
540 2363 655 2436 fabula
676 2377 728 2436 est
749 2389 838 2438 anno
858 2377 938 2436 ante
959 2345 1105 2438 mortem

130 2485 278 2558 Socratis
311 2496 433 2580 quarto
467 2498 502 2555 et
524 2485 705 2580 vigesimo3
734 2511 804 2581 quo
826 2489 1028 2582 temporeis
1049 2487 1107 2560 di-

129 2605 233 2680 cendi
256 2603 587 2703 philosoplmndique
607 2606 773 2678 rationem
794 2606 961 2697 nondum,
991 2619 1033 2677 ut
1052 2609 1106 2680 vi·

128 2729 246 2822 detur,
268 2728 371 2826 plane
392 2741 563 2826 posuerat,
583 2753 687 2826 quam
704 2731 842 2825 juvenis
863 2719 974 2800 luerat
995 2742 1106 2802 secta-

132 2865 199 2925 tus.
261 2852 345 2924 Nam
376 2863 530 2942 constat,
564 2874 644 2922 eum
676 2849 891 2946 Anaxagorae
923 2851 968 2923 de
1000 2852 1103 2926 rebus

133 2974 279 3072 physicis
301 2975 491 3048 doctrinam
511 2975 540 3045 si
561 2997 631 3044 nen
652 2974 812 3070 probasse
833 2985 962 3064 toturn,
981 2973 1104 3044 saltem

131 3099 273 3170 interius
294 3097 543 3194 perquisivisse.
575 3095 676 3184 Quod
696 3118 717 3166 e
738 3094 921 3167 traditione
939 3085 1104 3198 su'spicari

132 3219 212 3292 lieet
233 3219 457 3316 antiquitatis,
475 3215 691 3311 Anaxagorae
712 3213 949 3306 illumlutsse,
967 3215 1051 3308 sive,
1062 3227 1104 3288 ut

131 3343 207 3416 aliis
227 3345 368 3441 placuit,
397 3343 554 3417 Archelai
574 3342 802 3440 discipulum,
826 3363 914 3438 quse
934 3363 1015 3412 sene
1031 3365 1103 3416 non
1179 3395 1181 3398 -

132 3479 204 3538 tote
237 3467 339 3540 fiisse
370 3467 451 3540 fieta
484 3465 640 3538 videtur:
664 3477 740 3536 tum
760 3467 863 3538 eham
885 3451 906 3536 e
927 3465 1103 3537 sententiis

131 3589 277 3663 encrate
299 3590 392 3687 apua
413 3561 675 3686 Xenophontem
696 3585 741 3658 ee
762 3587 878 3658 usna
900 3587 1045 3679 meaa,
1066 3588 1104 3658 in

131 3707 258 3808 quibus
293 3735 380 3810 quae
410 3712 455 3782 de
476 3712 595 3784 ordine
617 3713 653 3782 in
675 3733 789 3796 rerum
811 3710 1029 3786 universitate
1049 3708 1106 3780 di·
1136 3773 1137 3776 ,

133 3847 279 3926 cuntur,
307 3835 412 3910 ducta
435 3859 591 3934 magnam
615 3847 748 3932 partem
769 3833 928 3911 videntur
950 3857 993 3904 ex
1013 3830 1105 3904 Ana·

135 3981 279 4052 xagorae
300 3959 413 4033 dicto:
448 3955 562 4033 πάντα
585 3954 749 4058 χρήματα
770 3947 804 4048 is
829 3957 922 4052 ὁμσῦ·
943 3950 1016 4029 dra
1037 3951 1108 4032 vods

918 4071 971 4144 2*
