2828 5098
721 499 914 573 -78....

339 707 500 798 scriptor,
513 783 516 792 Ι
528 722 598 770 non
616 710 750 794 poterat
771 720 839 769 non
858 720 878 767 e
896 699 1051 793 principe
1070 696 1136 769 hoc
1158 699 1305 768 comico-

336 849 413 898 rum
432 822 581 894 multum
604 821 786 917 proficere:
805 819 948 917 profecit
970 831 1085 892 autem
1107 821 1143 894 in
1166 821 1304 917 primis,

336 945 429 1043 quod
460 947 542 1016 item
569 944 749 1015 affirmare·
765 944 810 1015 de
841 944 976 1015 Socrate
1004 943 1103 1033 licet,
1126 941 1171 1012 ad
1193 965 1304 1014 mores

335 1067 562 1141 emendandos
594 1068 729 1138 civium.
780 1067 855 1156 Quo
876 1067 988 1137 minus
1017 1088 1097 1136 sane
1119 1065 1218 1138 nobis
1248 1093 1303 1141 ac-

335 1193 448 1264 cidere
481 1193 606 1262 mirum
638 1190 761 1281 debet,
806 1191 997 1280 Socratem,
1032 1188 1127 1284 quod
1163 1191 1302 1264 Veteres
1373 1165 1383 1192 ³

336 1324 625 1402 memoraverunt,
656 1311 849 1383 interfuisse
870 1312 1116 1407 spectatoribus
1145 1337 1304 1385 nonnun-

337 1463 458 1534 quam,
493 1460 601 1530 quum
620 1434 743 1504 Nubes
765 1445 961 1528 agerentur,
984 1446 1059 1504 tum
1083 1435 1204 1526 etiam,
1227 1437 1304 1506 Pla-

338 1573 452 1631 tonem
482 1557 699 1653 Aristophani
730 1557 766 1626 in
797 1557 985 1652 Spotposio
1018 1583 1080 1630 suo
1111 1572 1223 1654 partes
1252 1561 1306 1630 di-

337 1683 436 1755 cendi
459 1683 636 1768 tribuisse3
659 1682 727 1750 imo
747 1703 826 1751 vero
846 1681 1095 1775 epigrammatis
1117 1683 1154 1750 in
1175 1681 1307 1755 Aristo-

337 1805 483 1903 phanem
505 1818 676 1877 auctorem
701 1803 876 1874 Platonem
901 1802 1060 1874 hahuisse
1081 1806 1258 1900 antiquos:

362 1980 407 2052 At
427 1974 563 2073 Χάριτες
584 1951 715 2068 reperis
738 2003 771 2048 rt
791 1973 920 2068 λαβεῖν,
944 1972 1019 2070 ’ὅπερ
1044 1974 1125 2072 οὐχ)
1145 1977 1309 2065 πεσεῖται,

361 2107 543 2188 Ζητοῦσαι,
563 2091 683 2196 ψυχὴν
705 2087 792 2189 εὖρον
816 2091 1052 2188 Ἀριςσφάνους
1074 2095 1088 2192 (
1110 2093 1136 2190 ).

386 2292 454 2362 Sed
482 2289 637 2386 'quamns
670 2290 719 2358 ita
751 2311 871 2384 reapse
895 2286 1138 2383 Aristophanes
1164 2292 1311 2364 Socratis
1405 2375 1406 2390 ἦ

338 2414 441 2486 hierit
464 2426 500 2484 et
521 2413 668 2484 Platonis
690 2412 905 2508 prodromus,
923 2411 1039 2482 aberat
1060 2425 1176 2484 tamen
1197 2416 1310 2512 longe,

339 2549 380 2610 ut
411 2536 551 2627 eodem,
584 2561 653 2632 quo
676 2536 849 2625 Socrates,
872 2534 974 2606 modo
996 2534 1156 2630 prodesse
1178 2539 1312 2610 civibus

339 2663 516 2732 niteretur.
566 2661 670 2750 Nam,
699 2671 739 2729 ut
758 2661 876 2754 paucis
899 2658 1124 2754 complectar,
1148 2664 1312 2733 civitatis

340 2785 440 2854 unice
467 2805 618 2852 caussam
632 2779 875 2875 Aristophanes
899 2781 1086 2876 spectabat,
1107 2785 1312 2854 hcmom‘ta-
1383 2757 1404 2846 'r

343 2909 391 2976 tis
411 2925 491 2973 vero
513 2903 671 2998 insuper,
694 2915 736 3002 et¹
752 2903 896 2973 maxime
913 2902 1053 2998 quidem
1070 2904 1233 2977 Socrates.
1272 2907 1312 2978 ld

342 3026 438 3098 nohis
458 3026 639 3120 praecipue
659 3024 926 3116 attendendum,
947 3028 975 3097 si
992 3049 1061 3098 non
1082 3029 1206 3120 solmn,
1230 3053 1311 3124 qua·

343 3163 442 3220 tenus
477 3148 539 3220 hos
567 3149 785 3245 philosophos
818 3151 1037 3246 praecesserit
1058 3153 1227 3242 comicus,
1249 3152 1311 3222 sed

343 3274 544 3368 etiamque
565 3273 602 3343 in
625 3295 662 3343 re
683 3271 720 3343 hi
741 3274 840 3345 illum
860 3268 1100 3348 anteverterint
1118 3299 1157 3347 ac
1170 3281 1312 3371 supera·

344 3395 464 3485 verint,
486 3394 629 3466 velimus
651 3397 831 3492 inquirere.

377 3652 561 3724 (⁴¹)2015nrpiod.
581 3657 643 3707 Vs'to
659 3659 727 3709 Plus.
