2824 5084
718 427 937 502 -236...

343 638 467 707 attinet
493 632 677 730 principia,
716 632 900 702 Socratici
917 641 1041 701 essent.
1093 625 1317 718 Aristoteles,

344 770 383 830 ut
414 756 582 847 vidimus,
616 779 657 828 eo
687 757 792 850 magis
815 781 835 826 a
856 755 1017 849 magistro
1036 751 1214 840 discessit,
1239 775 1316 846 quo

276 945 281 976 ,
341 882 454 952 miuus
487 877 623 952 haurire
655 901 675 950 e
709 878 878 950 Socratico
913 875 1048 948 moralis
1078 871 1315 970 philosophiae

341 1004 435 1075 fonte
458 1003 587 1075 voluit:
611 1001 805 1099 pariterque
827 1023 961 1090 omnes,
983 1000 1043 1094 qui
1060 997 1209 1092 assequi,
1222 993 1313 1066 Aris-

343 1125 456 1197 totelis
479 1127 608 1216 instar,
640 1127 786 1221 primam
818 1124 912 1194 illam
941 1119 1219 1219 philosophiam,
1255 1121 1315 1214 ip-

342 1271 483 1343 samque
508 1249 709 1344 sapientiam
733 1248 841 1318 annisi
874 1257 978 1337 sunt,
1003 1246 1208 1317 Socraticam
1235 1241 1317 1338 phi·

344 1371 555 1468 losophiam,
596 1372 726 1467 quippe
756 1370 996 1466 simpliciorem
1029 1367 1221 1464 quandam,
1253 1388 1313 1436 re·

344 1495 541 1591 pudiarrmt.
587 1494 662 1583 Quo
683 1493 888 1590 praeclarius
911 1493 956 1563 de
979 1515 1052 1583 sua,
1074 1491 1142 1561 imo
1164 1511 1247 1560 vero
1271 1488 1316 1558 de

344 1618 456 1708 omni,
481 1641 569 1714 quae
596 1630 777 1714 consecuta
804 1630 878 1708 est,
909 1629 1019 1688 aetate
1046 1615 1190 1686 meritus
1214 1613 1316 1684 Cice·

343 1765 382 1814 ro
412 1755 486 1833 est,
514 1743 575 1838 qui
598 1742 772 1814 Platonem
795 1765 863 1812 non
882 1742 1033 1830 minore,
1061 1761 1166 1833 quam
1185 1734 1316 1807 Aristo-

344 1866 472 1958 telem,
514 1865 642 1938 honore
674 1865 795 1936 hahuit
828 1863 966 1960 dicique
996 1863 1069 1958 ipse
1105 1863 1316 1932 Socraticus

343 2013 413 2060 non
442 1992 622 2063 recusavit.
669 1988 728 2060 Est
753 2011 877 2084 nempe
903 1987 1072 2058 Socratica
1102 1983 1162 2054 illa
1194 1983 1316 2079 philo-

343 2112 482 2206 sophia,
505 2125 545 2182 ut
566 2110 835 2204 simplicissima,
860 2111 908 2178 ita
931 2131 999 2178 una
1020 2107 1065 2178 ad
1087 2119 1176 2178 recte
1197 2106 1316 2212 311113.-

343 2231 558 2326 sophandum
572 2233 783 2302 necessaria.
827 2231 912 2303 Nam
941 2230 1029 2303 hanc
1052 2233 1246 2328 quicunque
1267 2229 1317 2299 31)
1401 2239 1402 2248 ’

258 2433 264 2441 ,
342 2355 418 2450 ipso
439 2351 633 2425 studiorum
653 2355 752 2426 initio
770 2355 946 2449 sequitur,
967 2379 1036 2426 non
1059 2355 1171 2426 solum
1194 2377 1214 2422 3
1235 2351 1317 2423 Del-
1401 2327 1402 2402 1

342 2477 444 2574 phico
476 2477 536 2549 illo
565 2489 600 2548 et
628 2476 744 2548 divino
774 2474 870 2574 proiit
892 2479 1031 2551 σεαυτόν
1064 2477 1316 2572 proficiscitur,

343 2602 423 2692 sed,
445 2599 732 2698 quemadmodum
754 2600 1007 2694 eognoscendus
1030 2599 1134 2674 homo
1154 2601 1212 2690 sit,
1239 2622 1315 2671 oon-

343 2726 441 2796 tinuo
474 2725 648 2819 perspicit.
706 2723 780 2793 Non
813 2725 865 2813 is,
899 2725 1014 2819 prouti
1046 2722 1248 2794 Aristoteles
1282 2735 1315 2793 et
1400 2769 1401 2772 =

343 2847 448 2918 Stoici
478 2847 571 2944 apud
601 2847 780 2940 antiquos,
810 2858 845 2917 et
881 2847 975 2942 apud
1001 2848 1204 2920 recentiores
1233 2845 1317 2918 Loc-
1400 2819 1401 2894 l

344 2964 422 3042 hius
454 2981 489 3041 et
520 2969 683 3060 Kantius,
724 2969 936 3041 intellectum
967 2971 1130 3042 continuo
1169 2969 1316 3042 hominis
1400 2963 1401 2974 ’

266 3101 269 3114 “
343 3096 415 3168 sive
447 3093 570 3190 ptiram
602 3093 766 3164 rationem
788 3093 1001 3188 explorabit,
1034 3105 1074 3165 ut
1102 3093 1184 3164 hinc
1212 3094 1316 3165 deins
1400 3129 1401 3144 ¹

343 3241 440 3312 oeps,
463 3230 503 3289 ut
529 3216 731 3288 recentiores
755 3215 791 3286 hi
813 3215 985 3308 fecerunt,
1008 3216 1052 3287 ad
1064 3199 1316 3288 sensum'inter-

343 3363 428 3410 num
445 3351 480 3410 et
500 3339 681 3434 practicam
693 3340 857 3411 rationem
868 3339 1030 3435 procedat
1040 3367 1048 3410 :
1058 3353 1314 3435 praeposterum

344 3461 409 3532 hoc
430 3463 497 3532 iter
518 3472 584 3532 este
608 3461 669 3533 sed
687 3463 731 3533 31)
751 3485 863 3534 animo
885 3465 1021 3545 statim,
1046 3461 1183 3558 abipsa
1206 3463 1315 3535 homi·
1400 3459 1401 3526 l

345 3582 396 3651 nis
431 3581 568 3674 indole,
594 3583 648 3654 ’31)
681 3585 835 3656 universa
867 3583 1013 3656 hominis
1036 3576 1157 3672 natura
1178 3587 1315 3656 initium

343 3691 607 3802 philosophandi
636 3705 758 3797 saciet,
787 3720 827 3778 ut
849 3689 946 3779 Plato
968 3707 1012 3778 ad
1033 3707 1141 3779 divini
1163 3711 1315 3803 magistri

344 3827 541 3924 exemplum
562 3827 666 3919 fecit,
682 3831 765 3918 illuc
785 3832 980 3926 respiciens,
1005 3845 1045 3904 ut
1067 3834 1131 3937 ait,¹
1150 3833 1195 3906 ad
1215 3839 1317 3928 φιλο·

344 3953 485 4046 σοφίαν,
508 3954 655 4048 quaein
678 3955 750 4048 ipsa
771 3953 916 4028 hominis
944 3968 1059 4028 mente
1081 3957 1175 4028 latet.
1228 3958 1317 4030 llinc
