2828 5098
475 515 697 586 ηωιτν)...

102 711 136 778 in
167 708 514 812 Meueuenoporatio,
541 723 704 806 utraque,
729 710 942 800 arridetur,
968 711 1077 782 civilis

101 832 319 928 eloquentiae
335 845 620 904 monumentum.
661 832 862 912 xDesiderat
896 845 1010 904 autem
1041 835 1079 904 in

101 955 196 1026 hisce
231 955 412 1050 Dionysius
448 969 620 1027 oratorum
651 958 844 1028 Atticorum
865 956 1078 1050 maximeque

99 1077 341 1148 Demosthenis
364 1080 518 1174 copiam,
547 1079 765 1172 gravitatem,
790 1075 966 1165 δεινότητα.
1010 1078 1079 1150 Sed

98 1201 230 1295 pariter
264 1199 374 1290 idem,
410 1201 454 1270 ad
489 1212 661 1272 oratormn
695 1214 730 1271 et
763 1201 1003 1272 historicorum
1025 1199 1078 1270 di-

100 1322 204 1394 cendi
238 1323 478 1418 scribendique
515 1325 700 1414 rationem,
722 1324 908 1394 orationem
929 1323 1078 1393 Platonis

103 1446 263 1538 exigens,
297 1447 334 1514 in
355 1469 478 1540 genere
501 1451 600 1518 tenui
619 1445 785 1518 excellere
808 1445 984 1517 Platonem
1004 1458 1078 1518 sta-

102 1569 190 1658 tuit,
226 1569 264 1638 in
297 1573 444 1640 sublimi
467 1593 547 1641 vero
574 1569 742 1665 puerilem
764 1569 860 1642 dicit.
911 1568 1011 1657 Quod
1038 1581 1078 1639 ut

102 1691 246 1786 probet,
264 1685 442 1764 Phaedri
463 1716 640 1764 censuram
662 1693 743 1784 agit.
794 1692 833 1762 ln
854 1691 919 1764 hoc
938 1690 1076 1780 libelle,

103 1817 181 1906 ait,⁴
198 1815 321 1905 πολλὴν
345 1817 406 1910 μὲν
429 1812 511 1912 ὥραν
533 1813 633 1914 ἔχει,
661 1816 716 1888 καὶ
744 1815 890 1913 zopissa
915 1811 964 1900 ἐς)
987 1813 1078 1908 saeclo

102 1937 148 2012 ‘tlt
169 1943 287 2036 πρῶτον
310 1941 419 2012 ταυτί·
443 1928 467 2012 ὦ
493 1939 574 2033 Φίλε
592 1931 728 2034 Φαῖδρε,
750 1941 812 2010 troi
830 1933 868 2026 tt
887 1937 943 2012 eal
967 1931 1079 2020 πόθενς

102 2084 191 2156 qnae
213 2085 293 2132 vero
318 2061 480 2156 deinceps
503 2073 707 2149 occurrunt,
732 2069 772 2130 ut
794 2059 869 2130 illa:
894 2058 1001 2156 ἤγετε
1020 2053 1080 2146 lt,

102 2173 125 2256 li
157 2191 294 2258 Μοῦσαν
318 2225 369 2240 --
396 2195 471 2254 tum
499 2186 605 2278 magis
631 2184 734 2254 etiam
757 2183 793 2252 in
813 2181 881 2256 loci
904 2187 1080 2277 ὑτερννρνν-

102 2306 165 2380 νὶου
190 2305 439 2402 descriptione:
464 2307 479 2380 ὁ
506 2311 566 2400 μὲν
585 2305 626 2395 cll
646 2305 757 2403 μέγαν
779 2305 908 2404 ἡγεμὼν
930 2301 962 2380 ἐν
986 2305 1080 2399 οὐρνν

101 2427 144 2524 νῷ
176 2427 259 2506 Ζεὺς
289 2469 340 2480 -
362 2427 446 2498 haec
470 2429 576 2520 igitm
597 2441 678 2498 sunt
702 2423 829 2521 ψόφον,
858 2431 924 2518 ait,
948 2429 1004 2502 aad
1027 2425 1080 2504 dc-

101 2548 285 2646 θύραμβοι,
307 2549 447 2642 κόμπον
477 2546 645 2642 ὀνομάτων
660 2548 799 2642 τολὺν,
825 2556 894 2622 νοῦν
916 2547 945 2623 δ’
970 2548 1080 2646 ὀλίγον

102 2671 328 2774 ’ἔχοντες-(ἢ.
382 2695 404 2744 ν)
416 2671 602 2766 Equidem,
626 2670 753 2742 fatetur
781 2671 982 2766 Dionysius,
1016 2663 1080 2744 δεν·

104 2796 222 2884 adsuta
246 2788 307 2868 τοῦ
335 2791 450 2892 ἀνδρὸς
473 2795 509 2866 in
532 2794 697 2888 dialogis,
721 2795 922 2889 praesertim
944 2795 981 2864 iu
1002 2795 1080 2889 qui-

105 2918 169 2988 hus
213 2919 401 2990 Socraticae
433 2917 593 2988 orationis
633 2915 862 2989 characterem
897 2917 1079 3010 exprimit,

106 3040 394 3136 quemadmodum
423 3041 459 3110 in
486 3039 659 3110 Phaedro
678 3037 736 3135 (†)
762 3038 912 3108 multum
934 3038 1081 3122 demiror

107 3177 140 3234 et
173 3141 297 3236 adhuc
318 3185 453 3258 semper
482 3161 669 3232 demiratus
700 3185 793 3232 sum:
823 3161 969 3256 ineptias
1001 3181 1080 3229 vero

107 3292 179 3382 eJ‘us
203 3302 239 3360 et
261 3311 386 3382 nugas,
411 3287 561 3382 quaein
588 3283 709 3356 fucatis
731 3295 766 3356 et
788 3283 955 3354 arcessitis
980 3304 1079 3352 orna-

109 3413 230 3482 mentis
265 3421 417 3498 exstant‚
448 3431 626 3503 nunqnam
659 3408 784 3478 amavi:
820 3405 972 3476 omnium
999 3427 1080 3476 vero

109 3535 265 3626 minime,
295 3533 374 3624 ubi,
402 3533 526 3604 lorensi
548 3541 700 3603 assumto
722 3541 938 3624 argumento,
961 3528 1080 3600 laudes

37 3656 41 3668 “
107 3668 141 3726 et
163 3657 350 3752 vituperia,
384 3655 625 3726 accusationes
641 3664 676 3722 et
698 3650 909 3726 defensiones
933 3651 1079 3724 scribere

107 3846 322 3858 m

141 3955 174 4022 Γ)
201 3957 296 4026 Dionys.
325 3957 354 4006 de
380 3958 408 4006 ei
433 3956 534 4005 dicundi
557 3955 685 4005 Dementia.
704 3970 724 4001 e.
745 3955 770 4000 7.
841 3951 883 4019 (†)
901 3951 977 4014 Vulgo
995 3951 1023 3998 ἓν
1042 3951 1080 4016 τῷ

113 4048 236 4116 Φιλήβῳι
255 4047 297 4098 sed
313 4047 438 4112 legendnm
455 4049 506 4100 sine
523 4045 596 4096 dnbio
613 4048 641 4095 iv
660 4049 698 4116 τῷ
723 4047 845 4113 Φαίδρῳ.
