2824 5084
428 475 665 552 -reo-s

61 682 205 778 quedam
238 655 382 778 ingenii
409 685 652 777 praestabat,
678 689 721 753 ut
751 681 846 754 milri
876 684 1020 758 videtur

60 807 208 900 quidem,
243 801 476 874 Aristoteles:
506 806 570 874 sed
587 805 682 876 idern
692 807 783 900 flios
806 815 890 878 crat
908 811 1021 876 atria·

59 953 136 1024 qtae,
170 937 207 998 et
234 927 354 996 cadero
382 951 507 998 rerum
533 929 812 1025 repetendorum
820 930 1022 1026 fiagtanda„

58 1075 201 1148 raroque
221 1053 383 1146 partitio
406 1047 467 1147 (*).
522 1049 562 1120 ln
594 1051 783 1122 Stoicorum
815 1049 939 1122 deinde
971 1063 1024 1122 et·

57 1195 121 1266 que
157 1173 403 1268 *Epicureorum
435 1172 570 1270 placitis
605 1173 844 1245 dominabatur·
877 1173 1024 1244 Socratis

56 1294 287 1390 Platonisque,
320 1319 381 1366 seu
412 1297 526 1390 potius
558 1272 761 1392 Cynicorum
792 1309 828 1368 et
858 1295 1025 1392 Cyrenai·

57 1439 169 1488 eorum
191 1419 297 1489 ratio:
326 1431 548 1491 veruntamen
579 1419 754 1516 physicam
780 1421 828 1492 'iis
852 1443 931 1491 cum
953 1419 1025 1491 lle-

56 1539 162 1611 racliti
192 1552 267 1611 tum
295 1541 479 1614 Democriti
502 1542 719 1638 adjecerunt,
749 1545 919 1639 primique
948 1543 1024 1616 sua·

56 1675 133 1734 runt
174 1663 246 1754 illi,
291 1665 352 1758 qui
386 1665 577 1736 universam
608 1665 876 1762 philosophiam,
897 1664 1024 1738 vdedita

57 1793 175 1881 opera,¹
190 1781 364 1858 doctrinae
386 1789 492 1858 instar
514 1799 698 1860 tractarent
719 1811 864 1884 eamque
878 1790 922 1860 ‘in
941 1777 1026 1883 par-

58 1922 103 1981 tes
125 1909 346 1982 distributam
368 1927 448 1984 curn
473 1909 669 1983 ordinarent
690 1911 910 2002 sedularum
928 1933 1035 1982 com-a

58 2045 238 2127 ponerent,
271 2032 432 2106 facientes
456 2025 561 2130 atquo
584 2033 819 2126 elaborantes,
837 2051 938 2130 qnae
965 2047 1028 2104 nos

58 2155 167 2228 dicere
194 2167 396 2253 systemata
426 2159 673 2230 consuevimus.
717 2157 806 2250 Sed,
840 2157 935 2230 ecce!
961 2155 1027 2250 orti

57 2271 269 2351 Macedonico
299 2301 380 2350 aevo
412 2270 521 2370 sunt,
543 2283 604 2374 qni
637 2283 710 2352 sive
732 2283 902 2352 imitantes
931 2278 1029 2351 Aris·

59 2402 220 2488 totelcm,
256 2399 327 2468 sive
360 2377 481 2493 sponte
516 2403 590 2492 ejus
622 2401 775 2492 vestigiis
810 2401 1026 2493 insistentes,

57 2501 312 2594 mathematicae
357 2519 583 2617 physicasque
619 2520 788 2592 doctrinas
825 2520 1030 2595 Aristotelea

58 2667 153 2718 more
175 2655 471 2741 persequerentur.
521 2643 657 2714 Exstitit
671 2643 867 2736 'Euclides,·
881 2646 942 2740 qui
962 2669 1031 2717 rna-

58 2769 321 2840 thematicorum
353 2767 461 2838 omnis
492 2767 566 2836 aevi
599 2766 737 2838 inventa
763 2755 1032 2865 ad'syllogisti-

61 2915 118 2964 cae
150 2890 374 2965 Aristoteleae
402 2912 555 2962 normam
586 2889 850 2961 demonstraret:
872 2881 1050 2975 inclaruit

62 3014 289 3113 Hipparchus,
309 3015 369 3110 qui
390 3025 502 3086 tantos
520 3011 600 3085 fecit
618 3013 655 3083 in
666 3013 868 3086 astronomia
879 3003 1032 3108 progres-

62 3163 142 3228 sus,
161 3149 201 3209 ut
218 3161 334 3209 omnes
356 3138 547 3233 superiores
570 3135 673 3230 longo
692 3147 771 3232 post
795 3157 832 3206 se
855 3133 1036 3205 intervallo

65 3261 293 3354 relinqueret:
316 3260 511 3355 pariterque
528 3269 646 3354 postea
663 3258 699 3327 in
718 3281 756 3328 re
775 3257 970 3329 mechanica
985 3258 1036 3328 in·

61 3384 175 3454 ventis
195 3381 451 3453 admirabilibus
474 3380 635 3453 excelluit
643 3377 877 3452 Archimedes:
895 3391 970 3452 turn
981 3403 1036 3452 ve

63 3531 102 3578 ro
132 3514 292 3574 naturam
314 3505 521 3600 perscrutari
545 3503 749 3598 diligenter,
772 3505 925 3598 gentium
947 3505 1036 3576 civi-

64 3641 248 3722 tatumque
266 3629 359 3698 veria
380 3629 642 3722 genera,·rarias
662 3625 799 3717 formas,
817 3617 1037 3700 institutore·

65 3754 118 3824 ria
140 3739 579 3848 exploramnaximequc'
592 3750 774 3844 historiae,
796 3773 863 3845 qua
886 3750 955 3822 late
976 3772 1038 3846 pa·

96 4021 139 4091 p)
155 4011 237 4076 aaa.
256 4024 284 4076 a.
302 4029 325 4074 ι.
344 4025 372 4074 e.
391 4028 418 4076 4.
