2828 5098
587 581 589 588 .
711 519 931 591 -154-

330 732 370 790 ut
405 717 448 788 ab
480 716 584 811 hujus
617 716 697 786 inde
731 715 1055 812 aetatetpraeoipue
1085 713 1305 810 philosophia

330 867 455 915 reram
499 841 707 910 diuinorum
743 849 847 935 atquo
884 839 1121 908 humanorum
1153 842 1305 910 scientia
1407 865 1408 876 ³

330 974 518 1034 vocaretur.
573 960 690 1032 Simile
726 960 811 1056 quid
842 972 959 1032 mente
985 963 1057 1055 jam
1093 959 1303 1052 agitaverant
1407 941 1408 970 ³

330 1099 409 1156 ante
433 1109 512 1156 eum
535 1109 614 1156 oum
633 1085 737 1156 lonici
758 1086 940 1180 sapientes,
952 1084 989 1154 in
1006 1085 1133 1178 quibus
1145 1095 1301 1159 naturam
1407 1121 1408 1124 ¹

330 1220 563 1306 perscrutatus
592 1233 726 1279 summo
761 1208 876 1279 studio
898 1219 951 1278 est
973 1205 1206 1301 Anaxagoras,
1230 1219 1304 1276 tum

329 1333 546 1430 potissimum
587 1331 814 1402 Democritus.
865 1330 929 1401 llic
961 1331 1106 1425 pariter,
1138 1329 1182 1400 de
1210 1355 1306 1402 oom-

329 1457 426 1527 muni
459 1456 679 1549 antiquorum
711 1455 900 1544 sententia,
936 1451 1163 1548 cognoscendi
1189 1453 1305 1525 studio

329 1579 379 1648 nil
408 1602 476 1648 non
509 1589 707 1672 persecutus
734 1589 795 1648 est.
845 1576 988 1671 Scripsit
1021 1574 1066 1645 do
1088 1597 1203 1646 rerum
1228 1578 1305 1646 uni-

329 1703 506 1792 versitate,
540 1699 585 1772 de
607 1699 837 1794 agricultura,
870 1699 915 1770 de
936 1697 1102 1797 physica,
1127 1698 1172 1768 de
1196 1711 1304 1772 astro·
1405 1712 1406 1732 1

328 1825 463 1915 nomia,
489 1823 533 1895 de
559 1825 766 1918 geometria,
791 1823 836 1894 de
859 1823 1045 1903 medicina,
1072 1822 1117 1892 de
1144 1821 1303 1912 hls‘torid,
1401 1836 1405 1845 ·

329 1949 482 2042 itemque
516 1946 689 2018 derebus
714 1946 919 2036 moralibus,
947 1958 1107 2040 eratque,
1133 1958 1173 2016 ut
1202 1944 1304 2016 refert

327 2070 494 2165 Diogenes
525 2070 698 2160 Laertius,
730 2072 771 2149 aa
793 2067 920 2156 άληθῶς
939 2065 971 2142 ἓν
993 2069 1186 2164 φιλοσοφίᾳ
1206 2069 1304 2143 atrr-
1403 2123 1404 2160 3

328 2189 436 2272 αθλος·
470 2191 518 2265 rit
550 2190 619 2288 γὰρ
645 2189 778 2286 φυσικὰ
810 2194 866 2265 καὶ
900 2191 948 2265 rit
975 2188 1087 2281 ἠθικὰ,
1122 2189 1220 2267 ἀλλὰ
1250 2194 1305 2266 καὶ
1402 2193 1404 2286 J

328 2314 375 2388 rit
412 2309 632 2408 μαθηματικᾶ
669 2314 726 2387 καὶ
759 2312 837 2394 τοὺς
869 2309 1063 2410 ἐγκυκλίους
1094 2314 1217 2412 λόγους
1250 2315 1305 2388 aa)
1402 2307 1403 2310 ¹

328 2438 401 2534 περὶ
424 2441 550 2536 τεχνῶν
571 2439 686 2511 πᾶσαν
708 2431 801 2537 εἶχε(
828 2433 993 2534 ἐμπειρίαν
1015 2436 1078 2536 (¹⁶).
1128 2438 1197 2510 Sed
1220 2462 1306 2510 non·

328 2560 413 2632 ‹lum
438 2573 618 2634 tenuerant
634 2551 744 2658 'prisci
765 2561 935 2655 sapientes
959 2560 1029 2652 illi,
1051 2562 1125 2656 ipse
1147 2546 1315 2634 tenuerat·

225 2725 231 2736 -
329 2685 483 2757 nondum
518 2685 732 2756 Democritus
763 2683 960 2755 dialecticae
988 2683 1205 2756 facultatem:
1233 2687 1305 2778 qud

330 2833 399 2878 non
433 2807 515 2876 licet
548 2827 684 2894 carcre,
716 2805 745 2874 si
774 2805 851 2898 quis
874 2806 992 2876 ordine
1014 2808 1179 2904 explicare
1201 2831 1307 2901 argu·

331 2939 448 2999 menta
473 2927 557 2998 haec
578 2928 668 2996 varia
688 2939 723 2996 ot
744 2929 939 3020 gravissimo
961 2930 1055 3000 velit.
1106 2929 1307 3002 Aristoteles

332 3052 421 3134 hano
450 3063 558 3121 artem
589 3051 625 3120 iu
656 3049 770 3120 schola
801 3049 949 3123 Platonis
987 3053 1172 3144 didicerat,
1208 3053 1309 3124 adhi·'
1397 3054 1401 3112 ἵ

333 3177 478 3270 buitque
503 3173 626 3246 studiis
651 3174 720 3244 suis
746 3175 916 3246 omnihus.
966 3172 1083 3264 Quid?
1108 3176 1203 3272 quod
1228 3201 1307 3248 ean-

335 3299 414 3369 dem
445 3295 504 3368 ille
537 3309 643 3368 artem
675 3297 785 3368 multo
820 3297 1017 3392 diligentius
1038 3301 1178 3390 etiam,
1204 3323 1308 3395 quam

336 3425 517 3516 magister,
544 3420 713 3512 excoluit,
739 3419 801 3500 hac
825 3445 886 3516 spe
910 3423 1147 3517 potissimum,
1168 3435 1209 3493 ut
1220 3426 1307 3494 viam

336 3547 402 3617 sihi
438 3558 472 3616 et
511 3545 675 3642 rationem
715 3557 848 3640 pararet
881 3545 924 3616 ad
956 3545 1245 3637 discernendum,
1282 3547 1310 3619 si
1401 3593 1402 3640 ,

329 3668 424 3766 ‘quid
448 3667 626 3742 confusum
650 3668 845 3759 videretur,
874 3669 918 3738 ad
940 3670 1198 3765 conjungenda,
1221 3693 1311 3766 quae
1398 3707 1402 3763 t

316 3777 431 3866 'recte
464 3791 687 3884 discreverat,
713 3805 787 3864 tum
818 3793 921 3864 etiarn
950 3793 994 3865 ad
1015 3795 1149 3889 singulo
1171 3806 1208 3866 et
1231 3795 1311 3866 uni·

370 4061 403 4132 (*)
420 4065 488 4130 Diog.
508 4067 533 4116 1,.
553 4067 578 4115 in
596 4068 653 4115 vita.
689 4065 781 4118 labris.
799 4069 868 4118 utar.
887 4073 931 4120 Gr.
947 4085 970 4118 v.
991 4072 1012 4117 1.
1031 4086 1055 4134 p.
1073 4070 1132 4119 762.
1182 4099 1187 4108 ι
