2836 5080
743 433 994 540 -74-'

351 669 434 756 Quis
468 665 555 736 ierre
587 665 708 736 iccirco
741 667 777 739 in
810 665 943 738 theatro
970 665 1030 736 illo
1062 680 1097 736 et
1118 669 1317 760 religionem

349 801 497 886 spretam
530 800 682 883 poterat,
716 801 751 858 et
778 800 929 884 patrem,
953 773 1102 860 virorum
1125 791 1318 884 optimum,

349 939 369 982 a
392 912 464 982 filio
485 911 682 990 verberibus
703 908 862 982 caesum?
890 909 1101 1001 Accedebat,
1124 912 1218 1006 quod
1240 937 1317 984 ver-

347 1038 392 1108 bo
410 1040 482 1130 jam
500 1035 686 1127 attigimus,
707 1033 851 1106 Socratis
874 1047 909 1104 et
929 1035 1057 1130 species
1080 1047 1115 1104 et
1126 1034 1266 1107 habitus
1284 1050 1319 1106 et

347 1181 426 1228 vero
447 1155 583 1226 dicendi
607 1157 811 1251 vivendique
833 1156 1053 1256 cousuetudo.
1102 1155 1319 1246 Ἀνυπὸδητος

347 1280 524 1354 incedebat
549 1277 639 1368 fere,
660 1279 925 1352 meditabundus
945 1279 1091 1350 subinde
1108 1301 1169 1375 per
1192 1280 1318 1354 multas

347 1405 445 1476 horas
467 1401 643 1474 continuas
664 1400 797 1491 eodem,
819 1425 888 1495 quo
908 1401 1037 1493 stabat,
1059 1401 1134 1474 loco
1156 1403 1317 1476 immotus

347 1525 523 1615 manebat,
544 1547 608 1594 nec
627 1525 732 1594 averti
753 1547 790 1596 se
809 1521 890 1594 inde
910 1526 1053 1614 sinebat.
1092 1525 1202 1596 Deum
1229 1527 1318 1598 insu·

299 1737 309 1748 ι
346 1671 409 1744 per
433 1647 609 1743 proprium
630 1647 696 1718 sibi
719 1645 891 1742 quendam
913 1645 1064 1734 dicebat,
1088 1643 1253 1738 auperti
1275 1649 1318 1720 ab
1406 1699 1407 1704 κ

347 1772 420 1865 ipso
442 1781 610 1860 vocatum,
633 1774 743 1865 cujus,
764 1771 850 1842 acsi
872 1771 945 1865 ipse
969 1780 1061 1839 vates
1080 1768 1202 1864 aliquis
1214 1785 1317 1862 esset,

346 1894 503 1966 vaticinia
541 1893 676 1964 edebat.
738 1891 978 1963 Abhorrcbant
1008 1891 1092 1964 haee
1127 1893 1172 1964 ab
1204 1893 1317 1964 bomi-

345 2040 429 2088 num
450 2015 716 2088 consuetudine:
738 2014 979 2108 quamobrem,
1011 2027 1051 2086 ut
1073 2014 1134 2106 fit,
1154 2015 1316 2111 displice-

346 2139 430 2208 bant
457 2138 608 2233 populo,
632 2139 762 2232 quippe
788 2139 849 2231 qui
871 2137 952 2208 talia
973 2139 1010 2208 in
1032 2137 1107 2209 aliis
1134 2139 1202 2210 sibi
1224 2142 1317 2211 simi-

347 2261 437 2331 libus
470 2259 558 2332 ferre
592 2284 661 2331 non
690 2271 824 2354 potest,
857 2262 942 2356 quin
975 2260 1048 2333 odit
1081 2261 1184 2334 etiam
1214 2277 1316 2360 atque

345 2395 529 2454 aversatur.

394 2503 521 2593 Quidni
545 2506 649 2598 igitur
671 2505 806 2602 placere
829 2489 1094 2576 Atheniensibus
1118 2503 1314 2576 Nubesde-

345 2622 526 2700 buerunt?
574 2625 658 2698 Nam
680 2627 872 2721 perspicere
894 2611 1043 2720 populus
1068 2649 1131 2698 nee
1152 2629 1315 2697 virtutem

345 2750 430 2838 viri,
454 2771 518 2820 nec
538 2749 769 2842 praeclarum,
793 2745 887 2840 quod
909 2748 1138 2820 meditabatur
1159 2749 1202 2820 ad
1223 2750 1315 2821 cives

276 2955 279 2964 Ι
344 2867 585 2960 emendandos,
608 2868 787 2946 eonsilium
806 2881 956 2964 poterat;
979 2893 1067 2965 quae
1085 2893 1165 2942 vero
1181 2885 1315 2966 specta-

344 2991 416 3082 bat,
451 3013 539 3087 quae
573 2993 680 3064 oculis
715 2991 886 3083 cernebat,
908 3016 978 3064 non
1000 2992 1112 3064 solum
1134 2994 1316 3066 mirumin

343 3113 485 3186 modum
512 3113 557 3184 ad
580 3113 762 3184 ridendum
784 3115 979 3206 movebant,
998 3115 1060 3188 sed
1086 3141 1155 3188 una
1176 3142 1258 3190 cum
1269 3120 1315 3190 in·

344 3237 551 3328 dignatione,
574 3237 780 3331 optimarum
792 3239 1030 3329 etiamrerum,
1047 3239 1154 3334 ipsius
1165 3239 1253 3312 adeo
1264 3264 1314 3312 re-

344 3359 477 3452 ligionis
511 3358 732 3432 vindicandae
765 3360 920 3432 studium
949 3362 986 3431 in
1019 3364 1172 3436 omnium
1194 3365 1312 3436 animis

345 3480 537 3554 movebant.
587 3482 674 3571 Quid
709 3483 847 3554 tandem
881 3483 925 3554 de
952 3483 1092 3576 invidie,
1115 3485 1160 3556 de
1184 3487 1312 3558 obtrec-

344 3605 484 3694 tatione,
502 3603 547 3674 de
560 3606 778 3700 ¹malignitate
801 3604 925 3695 dicam,
949 3629 1037 3702 quae
1049 3607 1144 3699 item,
1158 3632 1229 3679 non
1236 3611 1314 3706 qui·

344 3727 424 3798 dem
454 3726 586 3819 turbae,
611 3728 673 3800 sed
698 3741 813 3799 tamen
834 3727 952 3798 multis
975 3741 1027 3800 est
1049 3727 1212 3825 propria?
1262 3730 1329 3802 Si·

344 3849 425 3920 mile
455 3849 491 3917 in
522 3849 574 3919 his
605 3851 781 3944 negotium
814 3850 958 3922 Socratis
997 3849 1075 3941 suit,
1097 3852 1191 3945 quod
1215 3863 1312 3922 antea

344 3970 516 4044 Aristidis:
542 3971 629 4043 ferre
652 3977 727 4067 ejus
746 3973 915 4066 justitiam
937 3972 1037 4043 inulti
1055 3997 1124 4044 non
1135 3986 1310 4082 poterant:
